1633 2766
356 173 386 220 8

289 258 434 305 simili
472 260 654 307 ratione
692 259 930 326 inelegans
954 298 965 316 ‚
1024 270 1071 308 et
1122 258 1294 325 frigida
1356 258 1431 307 his
1465 259 1525 306 sit
1552 293 1564 315 2

286 361 483 394 necesse
521 356 591 393 est
615 381 627 403 ,
667 345 897 394 Hetrusca
936 355 1072 395 vetus
1130 346 1397 404 dialectu3‚
1437 350 1575 396 cuius

286 443 449 479 tamen
487 432 860 481 studiosissimos
884 434 1096 481 extitisse
1114 433 1298 498 priscos
1323 452 1566 490 romanos,

294 516 460 580 ecquis
497 517 732 581 ignorat?
768 518 926 566 Immo
961 519 1046 584 qui
1106 518 1174 564 sic
1233 517 1525 566 arbitrantur
1556 553 1570 576 .‚

280 620 382 651 non
417 602 586 651 dubito
613 638 627 661 .,
666 605 786 669 quin
823 605 956 653 idem
1005 604 1239 652 iudicium
1276 605 1335 652 de
1371 606 1521 653 latino
1555 643 1565 661 ‚

282 708 548 758 graecoque
572 708 791 739 sermone
816 692 1017 740 fuissent
1041 692 1200 746 laturi,
1222 691 1259 738 si
1285 692 1425 738 huius
1445 691 1565 738 utri—

280 793 433 840 usque
470 775 634 842 paullo
671 777 813 823 etiam
848 776 1004 841 pluria
1041 776 1101 823 ad
1149 794 1197 823 se
1234 776 1572 840 pervenissent

276 871 588 909 monumenta
615 895 628 918 o
665 879 811 926 quam
849 878 970 925 quae
1007 878 1144 910 oscae
1169 898 1182 919 .,
1223 863 1568 928 hetruscaeque

275 946 468 1010 linguae
505 957 774 1012 supersunt.
809 945 1066 993 Rectiusde
1100 948 1353 994 nationum
1391 948 1571 1013 linguis

274 1048 335 1077 ex
371 1031 562 1078 illarum
614 1030 864 1088 moribUS‚
923 1031 1195 1097 opibusque
1246 1031 1553 1081 indicaveris.

276 1114 341 1163 At
376 1115 490 1164 Osci
528 1115 646 1163 olim
680 1126 728 1163 et
764 1115 1115 1181 opulentissimi
1140 1150 1153 1172 a
1192 1127 1239 1163 et
1276 1115 1563 1165 deliciarum

271 1213 526 1251 sectatores
564 1202 924 1267 exquisitissimi
958 1234 972 1257 7
1011 1218 1216 1265 quarum
1251 1203 1471 1268 exempla
1508 1204 1559 1250 in

272 1289 438 1338 multis
473 1286 740 1354 praebuere
788 1286 1021 1334 romanis.
1080 1283 1233 1349 quue
1287 1285 1447 1350 ipsum
1485 1288 1560 1333 di-

273 1387 406 1425 ctum
441 1375 554 1423 volo
589 1374 649 1421 de
685 1375 760 1430 iis,
789 1390 909 1438 quae
945 1372 1005 1419 ad
1041 1372 1378 1436 grammaticae
1410 1391 1557 1421 cano-

269 1479 354 1508 nes
381 1495 395 1517 ἦ
433 1453 503 1508 κᾶι
541 1476 620 1514 την
656 1458 732 1510 τῆς
767 1458 932 1507 λοιλιοιε
968 1457 1198 1522 α’κρῑβειαν
1225 1494 1236 1515 ,
1287 1459 1550 1523 pertinent.

270 1548 517 1607 Quaenam
554 1546 814 1595 mundities
840 1583 851 1601 ,
878 1545 1084 1610 inquieS,
1112 1545 1162 1590 in
1189 1561 1413 1592 oscorum
1449 1546 1552 1594 sive

265 1631 494 1689 (lialectO,
535 1633 632 1680 sive
669 1649 922 1687 sermone,
963 1630 1046 1696 qui
1082 1629 1303 1678 sordebat
1340 1629 1480 1690 adeo,
1502 1643 1553 1679 ut

268 1717 380 1766 inde
417 1718 553 1783 plebs
590 1736 784 1766 romana
822 1719 970 1766 risum
1006 1717 1260 1783 captaret?
1298 1719 1432 1784 atqui
1466 1738 1551 1765 an-

263 1804 468 1869 tiquum,
493 1806 569 1853 aio
596 1843 605 1861 ‚
645 1822 887 1870 porroque
925 1816 1169 1851 aeternum
1206 1804 1485 1868 plebeculae
1523 1824 1549 1854 e

263 1891 604 1956 peregrinitate
663 1891 763 1937 sive
801 1889 996 1938 dialecti
1026 1926 1035 1945 ‚
1077 1889 1176 1936 sive
1213 1890 1446 1937 sermonis
1482 1889 1547 1937 ri—

268 1993 375 2023 sum
411 1990 620 2042 captare.
662 1977 866 2026 Factum
903 1977 953 2025 id
974 1975 1266 2042 saepiuscule
1292 1995 1316 2023 a
1342 1977 1535 2032 Plauto,

262 2065 348 2131 qui
385 2064 445 2112 ad
480 2064 716 2129 populum
739 2099 751 2122 a
792 2063 979 2112 ridendi
1017 2063 1161 2128 gratia
1185 2097 1197 2119 ,
1229 2080 1341 2110 cum
1378 2062 1539 2109 latinis

257 2168 422 2215 graeca
461 2152 762 2199 commiscet.
821 2152 1143 2215 Inelegantem
1180 2149 1365 2196 idcirco
1401 2160 1537 2196 taxa-

253 2236 380 2284 veris
419 2254 643 2300 graecum
682 2235 993 2283 sermonem?
1032 2234 1124 2282 Sed
1158 2234 1217 2280 de
1253 2234 1328 2280 his
1365 2234 1495 2281 satis,

393 2324 650 2393 Dispertita
689 2324 779 2372 erit
805 2324 922 2372 haec
961 2321 1179 2370 tractatio
1224 2320 1381 2368 omnis
1418 2337 1536 2385 quan
