1633 2766
321 117 384 179 40

353 204 547 262 Nescio7
566 217 727 254 utrum
749 206 795 253 in
818 206 891 254 his
916 209 979 255 im
1001 207 1172 255 morati
1199 207 1364 271 magis,
1393 225 1534 272 quam

253 292 430 339 morati
460 328 469 347 ,
513 292 635 338 iusto
673 291 852 339 diutius
876 292 1128 339 fuerimus.
1173 292 1245 341 Sit
1279 293 1531 358 quodcun-

251 397 364 444 que.
417 378 580 426 Nostri
615 395 703 425 nos
739 379 930 426 consilii
967 379 1172 425 minime
1209 381 1447 443 poenitet.
1485 379 1538 428 Si

251 464 445 529 quando
483 464 653 510 similia
690 463 749 511 de
790 464 996 512 tenebris
1017 478 1278 529 emergant,
1301 466 1392 513 alia
1430 482 1542 512 cum

246 552 352 599 aliis
391 551 642 600 conserens
672 585 684 606 q
725 551 842 614 quid
878 551 1111 599 collineet
1163 552 1314 616 magis
1340 590 1349 607 ‚
1401 565 1481 598 aut
1516 570 1540 598 a

251 653 402 701 scopo
438 637 694 683 minimum
729 637 916 684 aberret
945 674 954 685 .
1014 648 1111 684 tute
1174 637 1340 683 saltem
1402 636 1542 684 facile

255 725 579 771 internosces.
620 722 787 770 Unum
822 761 832 778 ,
872 735 1127 787 antequam
1184 722 1434 769 dimissum
1473 724 1543 769 fa-

257 809 384 855 ciam
407 845 420 867 ‚
460 819 504 854 te
539 808 814 854 meminisse
852 808 1036 864 velim,
1077 807 1208 873 quod
1246 808 1430 872 saepius
1468 811 1538 855 in-

255 896 498 943 culcatum
519 927 533 951 o
572 910 662 941 nec
699 895 809 941 satis
843 912 1072 960 umquam
1110 895 1344 945 inculcari
1362 912 1500 961 posse
1522 931 1534 952 .,

247 978 472 1028 arbitror.

384 1063 486 1112 Nos
515 1099 528 1122 o
554 1080 687 1111 more
720 1075 904 1122 nostro,
927 1064 1245 1129 institutoque
1282 1064 1527 1118 sollemni,

250 1149 311 1196 de
344 1150 472 1198 tituli
508 1162 617 1197 ante
654 1152 815 1198 onmia
854 1167 1024 1214 genere
1060 1151 1403 1199 constituendo
1440 1153 1533 1200 sol-

251 1235 412 1290 licitos
463 1250 693 1299 perpetuo
729 1234 912 1289 fuisse3
951 1251 1049 1297 quo
1089 1236 1230 1281 semel
1253 1239 1532 1294 constituto;

255 1314 307 1367 in
364 1318 580 1368 obscuris
617 1319 775 1366 lucem
810 1336 835 1364 a
870 1316 1089 1364 dialectis
1149 1321 1362 1383 cognatis
1398 1339 1534 1385 prae-

253 1409 394 1473 cipue
431 1407 634 1453 mutuati
695 1421 874 1451 sumus.
914 1397 1152 1468 Cognatas
1186 1417 1346 1452 autem
1385 1405 1536 1453 diale-

257 1506 362 1541 ctos
412 1492 664 1540 habuimus
722 1508 908 1555 semper
972 1507 1192 1553 graecum
1223 1524 1235 1546 „
1296 1491 1534 1547 latinum,

248 1579 527 1628 hetruscum
551 1613 562 1633 ,
597 1593 765 1625 oscum
789 1610 802 1632 η
841 1575 1135 1639 eugubinum
1166 1610 1178 1632 ἢ
1219 1577 1531 1632 Veliternum,

244 1665 473 1712 lucanum
508 1680 776 1711 sermonem
803 1699 812 1716 ,
853 1661 935 1725 qui
972 1669 1068 1707 fion
1120 1663 1271 1726 magis
1318 1663 1441 1710 inter
1487 1679 1537 1709 se

248 1751 362 1796 olim
389 1749 661 1805 differrent,
689 1764 833 1812 quam
876 1746 934 1792 ab
974 1745 1248 1793 Abellinate
1272 1783 1283 1802 ,,
1303 1747 1531 1805 Calabro,

253 1836 512 1899 Lupiense„
542 1837 718 1900 Apulo,
745 1836 942 1899 peligno
963 1833 1120 1880 differt
1144 1834 1406 1882 hodiedum
1432 1853 1534 1884 ver-

252 1924 478 1970 naculum
535 1922 968 1987 Neapolitanorum
1007 1920 1202 1966 idioma.
1266 1919 1406 1976 Quod
1440 1922 1534 1969 nisi

251 2007 543 2053 concedatur
566 2043 577 2062 ‚
635 2006 845 2053 doceant
875 2043 885 2061 ‚
954 2006 1036 2068 qui
1094 2003 1230 2049 aliter
1288 2006 1533 2064 sentiunt,

250 2092 331 2157 qui
369 2095 565 2140 factum.
595 2104 645 2139 ut
682 2092 867 2139 fabulae
904 2108 1043 2140 oscae
1082 2089 1344 2136 Atellanae
1381 2107 1538 2137 roma-

249 2196 336 2225 nae
372 2177 648 2242 plebeculae
700 2189 949 2242 tantopere
1008 2175 1056 2221 in
1110 2173 1297 2221 deliciis
1333 2174 1528 2220 fuerint.

248 2267 325 2312 An
357 2301 366 2320 ‚
405 2282 524 2328 quae
562 2263 761 2309 minime
814 2261 1141 2327 intelligebant
1169 2293 1182 2319 7
1243 2268 1378 2307 tanto
1419 2276 1531 2306 cum
