1633 2766
325 166 388 212 36
1049 202 1051 204 .

379 250 575 300 MARS.
619 250 961 300 AELIANVS.
1005 251 1153 299 SVM.
1198 251 1434 301 DICTVS

391 423 504 471 Non
542 413 618 469 me
656 424 770 470 latet
810 440 901 470 vox
941 422 1115 480 κελημοι
1143 459 1153 475 .,
1195 440 1313 469 cura
1338 459 1350 478 .‚
1390 443 1539 473 cernor.

256 509 387 568 Quin
424 520 471 556 et
518 506 625 560 κελη
654 542 666 565 ,
720 509 797 555 cui
834 525 1000 572 parum
1038 509 1236 555 honesta
1299 508 1425 573 apud
1461 528 1543 555 ve-

258 613 385 642 reres
430 595 656 641 comicos
714 591 850 639 notio
906 591 1135 638 subiecta.
1197 592 1298 639 Nec
1356 592 1538 647 deerit,

256 680 515 729 cuilibeat
570 696 629 727 ex
664 678 739 724 his
794 678 1058 725 extundere
1117 679 1350 742 aliquid,
1411 681 1542 744 quod

258 761 571 829 αλλεγορικειῖς
622 765 820 811 fortasse
870 763 1065 825 Vulgata
1124 763 1290 810 Martis
1323 802 1332 819 ,
1388 765 1544 811 Vene-

256 853 416 915 risque
456 852 579 897 surta
618 850 843 913 attingat.
886 848 983 896 Sed
1020 849 1187 895 talium
1241 862 1286 895 et
1319 851 1470 914 piget,
1498 863 1545 898 et

252 939 401 1004 pudet
426 977 439 999 ,
477 937 565 984 etsi
600 937 660 983 ab
697 935 1036 982 Ethnicorum
1096 936 1310 984 moribus
1346 937 1543 985 minime

257 1023 433 1073 absona
473 1024 590 1070 sint:

389 1109 446 1155 In
482 1109 667 1172 duplici
702 1127 816 1155 urna
837 1108 1019 1173 duplex
1057 1110 1224 1156 titulus
1251 1110 1531 1176 inscriptus⁷

257 1210 466 1262 quorum
500 1193 632 1260 prior
678 1193 780 1238 talis
819 1203 888 1238 est
923 1210 932 1236 :

696 1536 876 1585 IVW.
919 1536 966 1582 8.
1005 1535 1079 1582 ΙΜ

398 1709 532 1760 Alter
567 1724 678 1759 vero
725 1709 796 1755 sic
834 1707 976 1754 habet
1008 1726 1017 1753 :

880 1879 927 1928 5.

661 2053 928 2102 VAIVUV.
970 2053 1019 2099 8.
1060 2052 1130 2098 IM

395 2227 617 2276 Priorem
655 2230 722 2276 sic
761 2226 970 2274 reddidit
1008 2223 1074 2270 V.
1110 2221 1165 2267 C.
1204 2222 1546 2286 Inghiramius7

267 2314 556 2378 trepidanter
584 2325 742 2360 tamen
773 2350 781 2367 ‚
820 2323 873 2357 ut
910 2311 959 2356 in
996 2308 1169 2353 talibus
1207 2305 1348 2355 decet
1386 2307 1548 2354 virum

266 2400 504 2449 eruditum
528 2436 540 2460 ,
580 2400 889 2464 apprimeque
923 2393 1238 2459 prudentem:
