1633 2766
1211 146 1268 192 15

58 249 166 278 men
201 267 210 286 ⁷
268 228 353 275 sub
417 224 472 277 V
468 228 636 275 ereeac'
686 227 867 275 cortice
923 228 1073 293 ipsam
1136 231 1323 279 latitare

60 316 245 365 Rlceam
273 353 283 372 ,
323 315 404 363 cui
439 331 524 380 per
558 314 807 379 prothesin
842 316 1050 380 praefixa
1090 319 1328 383 particula

54 423 144 460 ve,
185 420 304 467 quae
344 418 620 466 graecorum
656 418 704 448 ευ
744 401 1003 466 respondet
1031 437 1045 462 7
1099 407 1235 470 quasi
1285 408 1327 454 si

59 490 275 537 diceres:
318 489 487 535 Bonae
525 485 713 536 Rheae.
752 487 1015 554 Utcunque
1051 509 1192 539 canes
1221 528 1235 551 7
1289 496 1331 542 si

59 592 170 622 cum
205 576 411 622 musicae
447 575 587 621 huius
622 575 787 639 peritis
825 593 965 622 canas
995 612 1009 636 ‚
1069 595 1335 643 numquam

59 674 190 708 extra
229 663 450 709 chorum.
489 660 592 710 Nee
630 660 719 709 tibi
743 660 911 725 eripiat
936 663 1208 728 quisquam,
1234 665 1332 714 huc

60 747 363 795 referendum
399 765 499 795 esse
535 748 796 797 Isiacorum
818 747 1085 813 Collegium
1106 787 1118 809 7
1141 750 1201 799 de
1230 768 1334 817 quo

63 838 116 884 in
149 835 382 902 parietina
415 835 709 903 Pompeiana
743 835 931 901 pictura
968 836 1070 884 sie:

472 1005 558 1056 CN
587 1025 598 1036 ·
635 1003 939 1052 HELVIVM

333 1090 628 1141 SABINVM
655 1108 666 1120 ·
690 1091 821 1138 AED
841 1109 851 1120 ·
876 1090 1074 1140 ISIACI

435 1174 754 1228 ,VNIVERSI
781 1193 792 1204 ·
822 1175 956 1223 ROG

194 1351 234 1398 F
271 1349 561 1399 diverticulo
596 1351 648 1396 in
683 1349 851 1397 viam:

206 1433 807 1484 TREIZTAAMENTVD
837 1451 847 1463 ·
877 1432 1118 1482 DEDED.
1156 1432 1216 1482 In
1251 1451 1341 1486 vo-

67 1535 125 1565 ce
161 1520 312 1583 priori
344 1521 388 1569 D
423 1520 562 1569 finale
596 1538 725 1571 mere
760 1522 1106 1586 paragogicum
1130 1559 1144 1582 7
1183 1524 1254 1570 uti
1290 1523 1344 1568 in

59 1604 331 1669 preivatud
356 1643 367 1663 7
405 1604 592 1666 dolud7
627 1605 784 1654 actzcd
804 1642 816 1664 7
855 1623 952 1671 quo
991 1606 1179 1656 sublato
1204 1641 1218 1665 7
1257 1625 1336 1656 su.-

64 1704 222 1756 peresi:
259 1694 607 1756 treistamenw,
646 1695 777 1760 quod
812 1693 925 1741 Osci
961 1693 1098 1741 litera
1123 1695 1169 1742 V
1205 1710 1337 1740 care-

62 1780 192 1828 bant.
246 1779 602 1829 Testamentum
638 1799 784 1847 porro
821 1781 1199 1828 trez'stamentzmz
1239 1780 1334 1827 sor-

69 1878 114 1912 te
149 1866 333 1914 dietum
357 1901 369 1923 7
408 1868 541 1932 quod
575 1868 627 1914 in
663 1869 762 1915 eius
799 1867 1043 1917 αὐθεντιαν
1061 1878 1223 1915 ternos
1258 1866 1344 1912 ad-

68 1934 228 1998 hiberi
264 1963 435 2010 testeS,
494 1963 689 2002 cautum
726 1963 842 2000 erat.
897 1952 967 1998 De
1003 1969 1124 2000 voce
1182 1948 1348 1998 deded

71 2053 161 2101 pro
199 2034 338 2085 dedit,
372 2049 804 2086 commemoratum
842 2056 1000 2103 supra.
1038 2037 1143 2086 Hoc
1181 2038 1231 2084 in
1276 2038 1349 2084 lo-

74 2139 132 2170 co
170 2124 473 2172 tantumdem
525 2127 687 2182 valet,
744 2142 799 2172 ac
846 2125 1140 2173 latinorum:
1194 2132 1342 2172 testa-

79 2216 234 2254 mento
255 2207 384 2269 fleri
420 2212 580 2259 iussit.
617 2209 708 2257 Hic
747 2209 941 2274 quiesce
978 2210 1209 2275 tantisper
1231 2243 1244 2266 7
1305 2220 1359 2256 ut

90 2306 336 2358 resumpto
373 2312 490 2343 mox
530 2296 705 2360 spiritu
730 2333 740 2352 7
781 2295 842 2343 ad
875 2307 1058 2363 partem
1097 2295 1227 2344 tituli
1249 2295 1364 2344 alte-

76 2393 182 2431 ram
221 2380 419 2442 gradum
457 2382 619 2430 faeiaS.
