1633 2766
1206 185 1265 217 21

54 253 285 317 aliquem,
315 253 413 300 sive
451 250 621 309 Deam5
643 250 929 316 obsequium
948 290 958 309 ,
980 254 1113 318 quod
1149 255 1197 302 in
1213 257 1343 305 Aede

57 340 208 403 ipsius
237 337 432 405 publice
470 341 626 386 fuerat
680 340 1019 388 collocandum
1052 377 1064 399 v
1125 354 1175 390 ut
1228 344 1343 391 insi-

55 441 202 469 nuare
241 423 429 471 videtur
466 440 564 472 vox
593 424 838 491 probavit.
901 424 1003 474 Nec
1055 428 1235 475 eidem'
1263 447 1337 476 as-

51 511 229 557 sentior
267 511 316 557 in
354 511 447 559 hoc
479 549 488 567 ‚
548 512 682 576 quod
738 514 838 569 ait,
899 512 1160 579 Popidiztm
1213 516 1342 566 hunc

10 636 15 641 .
51 595 301 643 Celsinam
336 597 482 644 fuisse
525 597 663 644 illum
692 634 705 656 ,
769 599 853 662 qui
910 599 1051 646 Isidis
1100 601 1336 665 templum

46 694 337 729 terraemotu
376 683 659 749 conlapsum
692 702 716 730 a
750 682 1075 731 fundamentis
1101 686 1328 734 restituit.

46 769 169 816 Huic
208 769 448 833 siquidem
484 769 712 818 Namerc'i
745 788 1038 835 praenomen
1082 791 1091 828 ;
1148 784 1194 819 at
1233 773 1326 819 Po-

44 856 177 922 pidio
212 857 349 923 tophi
391 858 507 905 Caii
535 892 548 914 0,
586 869 638 905 ut
674 858 776 922 ipse
802 870 967 905 censet
990 895 1002 916 ,
1032 877 1329 922 praenomen

43 941 271 988 adhaesit.
336 942 412 989 Ad
463 943 615 991 haec:
674 943 908 1007 Popidius
962 944 1049 989 iste
1107 942 1321 991 Meddix

39 1030 164 1090 fuit,
203 1041 249 1077 et
286 1028 497 1077 lileddc'x
532 1046 775 1078 summus:
825 1030 1046 1078 Celsinus
1083 1049 1197 1079 vero
1234 1034 1319 1080 vix

43 1116 380 1180 sexagenarius
417 1115 539 1161 inter
579 1117 869 1161 Decuriones
917 1117 1150 1166 adiectus.
1192 1118 1323 1176 Quid

42 1219 173 1248 nunc
213 1202 388 1265 gratiae
429 1217 688 1266 repensum
723 1202 932 1267 Popidio
968 1203 1095 1249 foret
1118 1241 1130 1261 ‚
1189 1206 1227 1250 si
1265 1205 1325 1252 de

43 1289 107 1334 D.
144 1289 204 1335 V.
248 1288 287 1334 I.
332 1288 427 1343 D.,
468 1288 732 1352 eodemque
770 1289 927 1353 primo
951 1326 960 1343 ‚
1004 1290 1196 1336 [inflatus
1225 1291 1322 1336 De-

41 1378 268 1423 cccrc'ones
323 1377 446 1423 inter
499 1373 719 1423 adlectos
772 1377 983 1422 fuisset?
1050 1377 1180 1423 Gens
1228 1397 1321 1426 una

41 1465 314 1509 communis
349 1464 582 1511 ambobus
620 1501 633 1523 ‚
673 1481 822 1526 eaque
846 1501 858 1521 ,
901 1476 952 1509 ut
989 1478 1127 1529 puto,
1168 1463 1320 1512 Oscae

41 1550 275 1613 originis,
316 1567 435 1613 quae
469 1560 516 1597 et
543 1549 766 1617 Popedicc
804 1562 1098 1614 nuncupata.
1138 1551 1318 1601 Parum

41 1636 185 1682 etiam
221 1653 446 1700 prospere
481 1639 535 1683 τὸ
575 1634 898 1700 ααιηιιηιςβύά
935 1635 1172 1684 redditum
1227 1658 1316 1705 pro

39 1723 264 1779 restitnit,
293 1739 403 1769 cum
438 1722 615 1770 nullius
652 1725 808 1788 operis
845 1726 1144 1770 restitutioni
1177 1725 1313 1773 locus

39 1808 88 1853 in
128 1809 280 1875 topho
314 1820 488 1875 pateat.
529 1810 658 1875 Lege
695 1810 878 1859 ideirco
906 1811 973 1859 sic
997 1823 1104 1859 ante
1125 1815 1302 1861 omnia:

436 1982 504 2030 U.
544 1983 848 2030 PVPIDIIZ.
888 1982 936 2028 U

256 2071 409 2121 MER.
448 2072 614 2120 TVU.
655 2072 1105 2123 AAMANAFFED

361 2157 557 2206 IZIDV.
597 2159 992 2207 PRVFATTED

175 2324 360 2376 Deinde
398 2329 543 2378 redde
580 2331 675 2380 hoc
713 2340 891 2396 pacto:
