1633 2766
349 129 407 161 ro

276 211 437 247 tamen
492 199 833 256 observatum,
888 199 1034 248 fuisse
1093 197 1355 265 aliquando
1413 198 1553 246 Oscis

273 286 420 333 etiam
454 303 544 351 pro
581 287 795 351 sigmate.
836 284 976 344 Quod
1011 285 1053 332 si
1087 301 1260 333 verum
1297 285 1358 332 sit
1388 321 1398 340 ‚
1439 271 1552 330 non

273 370 477 419 absurde
513 373 672 438 accipi
707 383 850 438 queat
886 387 974 436 pro
1013 368 1053 417 C
1092 371 1190 419 leni
1216 405 1228 428 .,
1253 371 1408 435 qualis
1432 370 1549 417 Gal—

274 457 438 502 lorum
470 473 480 512 ;
522 474 618 521 quo
654 458 811 522 posito
837 492 849 513 .,
887 455 1077 504 differat
1112 456 1344 504 nonnihil
1365 493 1375 512 ,
1407 471 1557 520 opor·
1591 516 1600 523 .

276 552 345 589 tet
379 553 482 590 tum
519 561 544 589 a
580 542 646 600 Z,
688 554 792 590 tum
825 560 851 589 a
886 542 960 600 K,
983 561 1104 607 quae
1140 554 1342 607 utraque
1381 558 1555 588 sonum

278 626 487 675 reddunt
523 628 830 694 asperiorem.
895 628 958 676 Et
994 627 1028 674 Z
1066 628 1285 676 fortassse
1336 626 1473 673 Oscis
1510 643 1559 671 e—

283 723 356 759 rat
390 731 479 777 pro
516 713 702 778 duplici
756 714 897 762 sibilo
925 749 939 774 ‚
1001 732 1099 780 quo
1154 714 1316 761 Latini
1371 731 1562 777 quoque
1632 756 1633 761 ,

277 796 354 842 usi
391 798 442 843 in
477 813 598 845 voce
634 797 886 846 SSaturm'
911 836 919 855 ‚
949 810 996 847 et
1030 799 1276 847 nonnullis
1312 799 1416 845 aliis
1457 798 1555 862 (1).

284 883 537 930 Mazochio
574 885 728 940 olim,
788 885 1065 949 Lanzioque
1121 885 1328 933 ducibus
1390 880 1426 931 Ἡ
1470 900 1561 948 pro

287 968 584 1016 rhotacismo
642 968 915 1018 habuimus.
973 968 1037 1016 At
1095 987 1226 1016 nunc
1286 968 1420 1016 docti
1475 987 1564 1014 nu-

284 1053 378 1100 mis
425 1070 514 1117 pro
572 1053 612 1099 D
661 1054 935 1110 sumimus3
993 1053 1388 1117 castigandusque
1446 1071 1561 1118 pro-

287 1147 450 1201 pterea
503 1137 707 1184 Lanzius
736 1172 748 1195 7
807 1139 891 1202 qui
951 1139 1141 1185 literam
1192 1140 1315 1187 lianc
1367 1139 1427 1184 ab
1476 1138 1570 1184 Ita-

286 1223 446 1271 lorum
484 1223 746 1288 alphabetis
784 1223 1020 1270 universis
1050 1257 1062 1279 .,
1111 1241 1209 1269 uno
1248 1237 1450 1290 excepto
1489 1243 1570 1272 ve-

288 1307 461 1354 literno
486 1344 496 1364 ‚
556 1308 684 1361 fecitv
718 1319 978 1354 extorrem.
1035 1308 1172 1355 Oscis
1233 1309 1363 1356 iuxta
1395 1347 1404 1365 ,
1471 1310 1563 1356 Hc-

293 1395 560 1458 truscisque
597 1396 749 1441 forma
790 1392 824 1444 ‚Q
851 1405 950 1440 erat
985 1409 1044 1439 ex
1081 1393 1283 1442 adverso
1319 1414 1407 1460 pro
1453 1397 1566 1443 rho—

290 1481 512 1527 tacismo.
575 1480 655 1528 Sic
712 1481 762 1526 in
809 1481 966 1526 munis
1028 1479 1464 1538 SPENTADER,
1519 1493 1567 1528 ct

292 1565 591 1625 SISTpVIS
628 1585 716 1634 pro
752 1566 1056 1625 Frentared,
1085 1580 1131 1615 et
1166 1569 1360 1616 Fc'sllc‘is
1391 1587 1402 1616 :
1457 1587 1569 1617 nam

293 1659 501 1706 formam
536 1658 570 1713 8
608 1656 751 1703 fuissr
791 1671 818 1718 (ρ
844 1694 854 1713 ,
896 1667 1027 1704 certo
1065 1655 1238 1704 certius
1274 1668 1361 1706 cst.
1404 1656 1437 1701 Z
1488 1655 1570 1702 cle-

293 1758 431 1788 mum
466 1743 600 1806 quasi
637 1741 714 1788 TS
748 1779 758 1799 ‚
799 1759 948 1806 eoque
983 1741 1144 1806 paullo
1180 1742 1395 1806 asperior
1451 1760 1565 1808 prae

295 1829 336 1878 Σ
376 1829 573 1894 sigmate
596 1863 608 1885 .,
636 1828 766 1893 quod
803 1828 998 1874 fortasse
1023 1825 1054 1873 S
1093 1826 1340 1890 duplicato
1367 1846 1568 1892 respon-

297 1914 466 1971 debat,
507 1931 604 1979 quo
643 1925 966 1961 secerneretur
1004 1930 1029 1958 a
1066 1921 1106 1966 'J
1132 1946 1144 1968 o
1204 1912 1242 1957 si
1279 1912 1471 1976 quando
1507 1913 1567 1958 li-

296 2011 396 2046 tera
450 2001 567 2049 haec
620 2017 709 2065 pro
765 1999 803 2045 C
842 1999 941 2045 leni
979 1997 1259 2063 accipienda
1311 2010 1446 2056 erat,
1500 1999 1570 2043 uti

293 2086 459 2153 paullo
503 2103 642 2153 supra
684 2083 972 2134 observandi
1007 2083 1313 2130 occasionem
1354 2082 1573 2148 Praebuit

813 2209 1081 2225 ————n

413 2279 466 2327 (ι)
494 2274 548 2316 F.
581 2274 684 2316 ΑΝ.
719 2288 759 2327 p.
795 2270 883 2313 500.
915 2284 953 2311 ct
985 2269 1079 2312 506.
