1633 2766
320 98 382 146 26

242 186 339 233 lem
377 188 415 233 :1
452 186 623 235 ultimo
660 187 769 234 loco
806 186 1016 251 positam
1055 202 1116 232 ne
1153 183 1384 250 ambigas,
1405 188 1526 251 quin

242 292 331 339 pro
371 277 560 323 claravit
585 312 596 329 ,
636 273 828 336 alioque
867 273 1046 331 simili,
1102 273 1351 336 accipias:
1415 290 1529 320 nam

248 373 296 407 et
330 373 647 407 memoratum
687 378 827 424 supra
852 394 863 415 .,
893 359 1133 407 interdum
1170 359 1305 406 Oscis
1333 357 1391 414 J,
1429 371 1526 406 ste-

245 448 355 492 tisse
391 464 479 510 pro
518 449 554 494 C
593 447 826 510 gallorum
861 446 975 495 leni.
1017 446 1158 494 Nunc
1195 445 1256 493 de
1295 449 1425 494 calce
1469 448 1529 495 ad

246 549 488 579 carcerem
526 533 715 593 redito,
754 544 800 579 et
837 551 957 596 quae
997 533 1331 598 epigrammati
1368 531 1529 578 subie-

245 630 320 665 cta
357 619 589 664 sententia
620 655 628 674 ,
672 619 993 666 coniectando
1031 620 1203 667 saltem
1225 617 1521 683 adsequeris.

383 702 609 749 EKZVK
647 702 864 768 dispesce
903 704 954 750 in
992 704 1087 751 duo
1115 742 1128 765 ‚
1171 720 1256 750 ems
1280 739 1292 761 .,
1316 721 1381 750 ex
1404 738 1416 761 .‚
1458 705 1531 751 uti

251 786 308 835 ab
339 825 349 844 7
389 787 507 845 ab53
566 799 612 834 et
649 805 720 834 ux
773 807 861 854 pro
916 785 1009 836 hoe
1033 824 1045 846 7
1083 806 1196 836 nam
1250 788 1385 835 Oscis
1425 786 1531 835 nul-

252 876 325 922 lus
363 891 473 920 usus
516 873 680 920 literae
718 873 758 919 Ο
783 912 796 934 ,
835 886 887 920 ut
924 892 1061 939 saepe
1099 874 1362 923 monitum.

388 958 739 1008 ANVIANVD
779 960 924 1024 igitur
960 960 1050 1006 tibi
1086 972 1187 1008 esto
1247 979 1338 1026 pro
1395 973 1531 1009 sexto

255 1066 366 1095 casu
391 1084 403 1105 ,
440 1060 491 1095 ut
529 1044 686 1093 dolzcd
712 1082 724 1105 η
764 1045 934 1094 acczcd.
977 1049 1184 1113 Propter
1244 1048 1537 1096 adfinitatem

253 1139 297 1184 V
337 1155 447 1184 cum
486 1137 522 1181 Β
562 1137 712 1200 possis
750 1133 916 1184 efferre
951 1133 1222 1182 anbiamcd.
1278 1135 1445 1182 Redde
1499 1137 1535 1181 i-

258 1224 421 1286 gitur:
465 1219 676 1275 ambitu,
737 1220 835 1266 sive
886 1217 1129 1277 ambidio‚
1181 1220 1308 1266 unde
1366 1220 1537 1267 ambio.

254 1308 535 1359 Amhidimn
588 1306 803 1355 occurrit
873 1322 932 1351 ex
984 1303 1200 1352 Varrone
1260 1305 1390 1370 apud
1450 1306 1544 1352 Fe-

258 1414 383 1448 stum
435 1403 531 1464 (1).
594 1396 818 1444 Ambitus
856 1406 1012 1441 autem
1064 1393 1400 1441 continebatur
1436 1411 1544 1458 spa-

258 1489 326 1534 tio
363 1489 544 1555 pedum
578 1488 788 1534 duorum
825 1487 948 1532 ultra
1003 1482 1286 1538 semissem3
1345 1494 1541 1546 eratque

260 1577 396 1624 locus
434 1577 561 1623 circa
615 1573 753 1620 aedes
814 1571 1051 1626 relictus,
1103 1580 1155 1615 ut
1208 1567 1542 1616 circumeundi

263 1677 385 1713 esset
421 1664 641 1711 facultas.

398 1745 635 1793 EITVNZ
677 1748 772 1793 itus
809 1755 912 1797 est,
956 1743 1054 1789 sive
1093 1743 1189 1790 iter
1216 1774 1229 1797 .,
1270 1740 1398 1788 unde
1437 1757 1492 1786 eo
1520 1776 1534 1798 ,

267 1847 314 1883 et
349 1838 414 1881 ico
453 1850 709 1880 commune
748 1830 886 1877 Oscis
924 1846 1038 1876 cum
1077 1827 1306 1874 romanis.

399 1919 622 1969 ANTER
645 1957 658 1977 s
702 1919 842 1966 cuius
879 1929 973 1964 tres
1014 1916 1175 1962 literae
1211 1913 1396 1977 priores
1451 1929 1548 1959 uno

265 2028 393 2060 nexu
428 2009 736 2062 exhibentur,
765 2017 835 2053 est
870 2013 1002 2060 ante,
1025 2019 1135 2049 nam
1170 2019 1199 2048 r
1231 1999 1370 2046 finale
1416 2016 1545 2045 mere

262 2098 602 2164 paragogicum
623 2130 633 2140 .
664 2091 887 2141 TIVRRl
926 2103 1018 2139 stat
1054 2108 1146 2156 pro
1185 2089 1380 2134 timrim
1405 2122 1414 2139 ‚
1443 2091 1547 2129 tm·-

265 2189 354 2232 rssm
391 2183 574 2230 scilicet
606 2218 615 2237 ‚
658 2182 758 2227 sive
799 2190 979 2225 turrem
1015 2176 1291 2225 latinorum.
1333 2174 1407 2220 Ex
1445 2189 1544 2236 quo

378 2322 431 2368 (ι)
465 2318 568 2369 Cap.
609 2316 687 2357 VI.
726 2332 767 2355 n.
810 2317 870 2353 15.
