1633 2766
368 168 425 220 16

428 258 620 308 EIZAK
645 278 654 288 ·
686 258 1029 308 EITIVUAD.
1088 259 1195 307 Vox
1234 258 1367 325 prior
1419 273 1568 308 nexus

287 347 389 393 vim
426 345 603 399 habet,
660 363 842 410 quam7
905 363 1014 393 meo
1067 345 1284 410 periculo
1316 382 1326 402 ‚
1375 357 1510 392 verte
1552 362 1561 390 z

291 430 469 480 exhinc
501 466 513 487 ‚
553 432 743 479 aliudve
781 433 954 479 simile.
1018 432 1074 478 In
1122 448 1294 479 vocem
1352 425 1584 478 estimati<

302 519 648 584 inquirendum
687 518 954 582 operosius.
1011 518 1227 565 Deducta
1264 518 1365 564 sine
1419 517 1568 563 dubio

291 606 352 653 ab
389 601 769 652 eiciam-aede.
811 602 1111 651 Terminatio
1148 605 1198 650 in
1236 605 1321 651 AD
1357 605 1558 651 verbum

288 690 466 755 detegit
501 690 733 753 temporis
768 689 1040 753 praeteriti,
1064 699 1117 736 ut
1153 690 1204 735 in
1229 706 1351 736 voce
1376 686 1555 750 deded,

270 787 321 823 et
349 772 675 841 prziplzcctted.
696 773 860 820 Redde
883 790 892 820 :
921 771 1220 836 aedificavit.
1249 777 1404 837 Quam
1428 794 1562 823 nem-

278 878 341 925 pe
378 859 543 906 Cereri
581 859 765 906 Aedem
803 869 1085 908 testamento
1106 861 1232 923 sieri
1267 865 1407 909 iussit
1443 863 1566 912 Adi—-

279 947 439 994 ranius
471 985 480 1002 ‚
517 947 641 994 hanc
680 946 800 993 alius
836 958 947 1012 post
971 948 1213 995 voluntate
1249 949 1350 996 eius
1397 960 1560 996 extru=

278 1035 366 1083 xit.
410 1034 504 1082 Sed
542 1031 800 1097 ecquinam
836 1030 917 1081 hic
956 1032 1193 1080 tandem?

422 1120 470 1165 U
512 1139 521 1150 ·
563 1119 880 1167 UIINIKIIZ.
920 1118 1118 1166 Redde:
1155 1118 1215 1166 C.
1257 1131 1335 1166 aut
1362 1119 1558 1177 Velius,
1625 1121 1627 1131 '

288 1206 517 1256 Vinicius
542 1244 551 1261 ,
593 1217 640 1252 et
673 1214 847 1270 quanta
884 1205 1124 1251 honorum
1161 1206 1352 1253 incedat
1405 1225 1553 1272 appa-

286 1294 469 1341 ratione
495 1327 507 1348 .,
545 1291 697 1338 audi:
746 1314 786 1340 1.
824 1289 934 1337 MR.
973 1289 1067 1336 hoc
1103 1301 1174 1336 est
1210 1288 1434 1348 medix,
1473 1291 1559 1358 qui

283 1379 493 1426 romanis
530 1374 742 1425 Meclclc‘x
769 1391 779 1420 z

283 1464 505 1514 Summus
542 1463 608 1511 ibi
642 1463 839 1531 capitur
870 1461 1082 1510 Meddix
1106 1501 1116 1520 ‚
1148 1461 1392 1512 occiditur
1411 1462 1552 1512 alter.

406 1553 471 1598 At
508 1563 668 1599 noster
714 1548 935 1601 Vinicius
972 1569 1071 1599 non
1123 1569 1368 1599 summus:
1434 1570 1548 1617 ergo

270 1637 410 1685 alter.
468 1638 692 1686 Summus
742 1650 898 1686 autem
955 1639 1090 1685 Oscis
1139 1640 1229 1686 suit
1294 1639 1546 1686 Tovticos.

276 1723 370 1769 Per
406 1740 482 1770 me
520 1723 843 1790 interpreteris
879 1723 991 1770 licet
1017 1757 1029 1778 o
1077 1722 1120 1768 D
1164 1738 1174 1750 ·
1229 1724 1272 1769 V
1313 1741 1324 1752 ·
1370 1723 1392 1768 Ι
1436 1741 1447 1752 ·
1485 1724 1547 1770 D.

279 1808 423 1867 Quod
460 1808 644 1855 indicio
683 1819 792 1865 est,
847 1817 1213 1854 monumentum
1266 1808 1543 1856 huiusmodi

275 1893 335 1939 ad
372 1894 690 1962 slsmzz'cipes,
729 1894 859 1941 haud
902 1893 1106 1941 Colonos
1165 1895 1485 1959 Pompeianos
1532 1932 1541 1949 ‚

276 1980 595 2042 pertinuisse;
636 1980 1027 2046 quandoquidem
1085 1980 1160 2025 his
1195 1982 1454 2045 praepositi
1492 1998 1541 2026 e-

266 2076 371 2110 rant
411 2068 450 2113 D
477 2081 487 2092 ·
512 2067 554 2111 V
578 2085 588 2094 ·
611 2067 633 2113 I
657 2085 667 2096 ·
692 2067 754 2113 D.
796 2067 856 2113 Et
891 2065 1012 2111 bene
1064 2081 1135 2110 res
1189 2065 1367 2112 habet:
1427 2051 1537 2112 nam

266 2154 423 2202 cultus
461 2153 673 2212 Isiaeus,
735 2165 786 2200 ut
820 2153 935 2199 alibi
989 2162 1230 2199 ostensum
1253 2184 1266 2207 v
1315 2154 1542 2216 peregri-

261 2255 351 2283 nae
384 2276 392 2290 ,
435 2255 532 2284 non
569 2255 796 2288 romanae
834 2238 1074 2302 religionis
1113 2238 1220 2284 fuit.
1288 2253 1333 2283 2.
1374 2238 1538 2285 KUA-

268 2322 511 2369 IZZTVR.
551 2322 969 2375 PVMPAIIANZ.
1013 2320 1309 2381 TRHBVM,
1351 2324 1535 2371 Verte:
