1633 2766
774 279 972 332 Reddo:

571 363 874 418 PHAVSTI.
931 367 1180 416 VETNEI

458 448 729 500 LARTHI.
769 455 1043 503 VETRVI.
1083 459 1183 505 FL.
1227 457 1269 505 T

358 621 580 670 Fortasse
612 625 843 673 :Facisti.
895 625 950 676 V
947 631 1119 677 etzcnii.
1159 628 1376 678 Lccrtlzii.
1429 629 1482 681 V
1480 636 1520 679 i·-

220 712 369 759 trzm'.
409 712 520 759 Fil.
591 713 653 760 T.
700 749 711 760 .
757 749 768 760 .
814 752 824 763 .
866 714 963 764 Sed
1022 735 1111 781 pro
1176 715 1393 766 Vetunio
1431 758 1438 775 ,
1481 722 1521 767 si

219 800 382 865 placet
411 836 420 854 ‚
461 799 607 847 redde
655 797 955 850 Vettoniwn.
1006 801 1061 853 V
1060 807 1292 852 ettoniwn
1326 807 1512 855 habeut

230 884 589 949 inscriptiones.

789 1058 830 1121 ς.
873 1058 941 1108 11.

220 1232 472 1279 Divinatio
507 1233 558 1278 in
596 1234 855 1298 quaepiam
889 1233 987 1279 alia
1007 1252 1036 1280 cc
1056 1235 1372 1300 Pompeianis
1397 1254 1511 1284 osca

285 1326 589 1364 monumenta
600 1354 609 1363 .

357 1493 589 1542 Poenitet
625 1492 753 1549 iam,
794 1493 843 1539 in
899 1492 973 1539 his
1034 1496 1297 1542 excussisse
1353 1497 1509 1562 pudo—

221 1600 359 1643 rem,
401 1582 488 1628 etsi
525 1580 835 1645 resipiscendi
894 1597 1001 1645 spes
1053 1581 1220 1639 nulla,
1290 1584 1363 1630 vel
1422 1584 1507 1632 vix

223 1669 436 1716 modica.
476 1665 599 1713 Nam
639 1684 753 1714 eece
789 1666 1092 1729 labyrinthus
1144 1667 1265 1714 alius
1303 1669 1507 1717 intenta—

220 1768 295 1802 tus
320 1757 550 1802 haetenus
578 1790 590 1811 .,
631 1765 679 1800 et
714 1773 809 1818 quo
847 1755 898 1800 in
936 1753 1163 1801 tentando
1202 1757 1388 1803 utinam
1408 1757 1502 1805 for-

216 1857 383 1890 tunam
419 1843 567 1907 magis
604 1855 818 1889 nostram
855 1840 1093 1888 desideres
1126 1879 1134 1896 ‚
1175 1861 1323 1906 quain
1358 1844 1502 1891 auda-

214 1929 339 1974 ciam
394 1927 671 1992 vituperes!
710 1927 1007 1974 Obversatur
1063 1923 1224 1974 animo
1286 1945 1500 1977 marmor

214 2012 336 2060 illud
372 2031 575 2078 oseuni7
633 2011 764 2076 quod
800 2012 888 2057 ΙΙΙ.
927 2011 1000 2057 Id.
1056 2011 1170 2057 Maii
1222 2030 1299 2059 an.
1348 2030 1494 2080 ¹792·

213 2100 367 2146 Nolae
421 2099 645 2147 effossum
680 2098 951 2162 accepimus
1006 2097 1057 2143 in
1106 2096 1370 2145 Viridiario
1410 2097 1497 2144 Vi-

213 2187 442 2233 ventiano
464 2204 487 2232 e
526 2184 777 2235 ruderibus
812 2184 984 2248 templi
1019 2182 1272 2249 eujusdam
1309 2184 1492 2249 oppido

219 2270 498 2335 pervetusti.
559 2270 787 2317 Excurrit
824 2269 875 2315 in
931 2269 1132 2315 latitiem
1189 2286 1276 2334 per
1312 2269 1499 2334 palmos

214 2358 313 2405 fere
346 2369 508 2405 ternos
535 2393 571 2418 ,Q
609 2357 910 2420 longitudine
973 2356 1096 2404 intra
1155 2357 1306 2423 palmi
1358 2358 1500 2407 unius
