1633 2766
481 205 615 254 Sum.
657 203 845 251 Flavii.
888 200 993 251 Elii

222 371 438 420 Alterum
479 391 592 421 vero
635 373 737 420 sic:

266 535 403 583 Sum.
444 537 654 585 Fausta.
695 534 805 584 Elii
838 573 850 595 ‚
901 536 977 583 vel
1021 533 1153 582 Olui.

201 701 321 748 Mihi
359 715 544 749 certum
605 714 674 750 est
713 737 725 756 ἦ
765 702 826 749 ad
888 701 1105 749 eamdem
1168 714 1355 763 gentem

63 805 235 834 urnam
272 789 506 852 respicere
543 801 821 851 utramque.
872 788 1000 851 Ergo
1039 787 1108 832 vel
1151 799 1351 850 utraque

61 872 240 920 Flavia
268 911 276 927 ,
316 875 392 920 vel
418 875 610 921 Fausta
643 887 860 938 utraque.
903 873 996 919 Pro
1034 871 1222 919 Fulvia
1257 885 1351 920 ste-

60 957 216 1003 terim.
280 957 383 1006 Nec
421 976 497 1005 me
533 959 691 1006 turbat
726 968 935 1021 punctus
979 956 1171 1004 medius
1206 960 1236 1006 8
1274 958 1350 1003 in-

59 1054 134 1088 ter
188 1077 198 1096 ‚
261 1055 307 1089 et
341 1043 405 1089 V.
448 1042 736 1089 Cerebrosae
771 1041 1043 1090 huiusmodi
1104 1034 1354 1106 inter-purl-

71 1130 256 1177 ctiones
283 1166 293 1184 ‚
332 1129 371 1175 si
396 1129 541 1175 modo
580 1128 855 1175 cerebrosae
883 1167 891 1182 ‚
932 1127 1348 1192 frequentissimae

59 1216 187 1280 apud
223 1216 421 1262 Veteres
457 1251 468 1270 ‚
509 1232 572 1261 ne
614 1214 844 1262 Romanis
880 1214 1077 1279 quidem
1113 1215 1345 1261 exstentis.

55 1299 274 1347 Priorem
340 1299 523 1347 ideirco
582 1299 921 1347 reddiderim:
985 1298 1121 1347 Sum.
1176 1299 1281 1346 Fa?

56 1381 382 1430 Posteriorem
416 1394 605 1429 autem:
647 1380 790 1430 Sum.
831 1381 1066 1431 Fuluiae.
1091 1381 1205 1445 fil³⁷‘¹
1245 1419 1251 1426 .
1299 1403 1348 1429 :11

60 1480 263 1532 utroque
298 1480 459 1516 tamen
515 1469 758 1515 haesitans
785 1504 796 1522 ‚
837 1469 1176 1534 trepidansqtre
1210 1507 1216 1517 .
1264 1468 1351 1516 viri

61 1552 313 1600 clarissimi
348 1554 623 1616 exemplum
660 1553 902 1599 imitabile
949 1566 1154 1600 secutus,
1220 1552 1347 1600 Ecce

63 1656 194 1688 nunc
232 1655 396 1686 oscum
445 1639 650 1702 sigillum
683 1674 697 1695 .,
761 1637 922 1684 soleae
977 1640 1174 1687 sormam
1228 1641 1350 1686 refe-

65 1744 173 1774 rens
200 1761 210 1779 .,
249 1726 384 1772 cuius
422 1727 602 1790 generis
640 1726 832 1773 familia
869 1725 985 1772 mihi
1039 1745 1087 1773 m
1132 1726 1231 1772 dies
1267 1744 1347 1774 ac-

65 1814 254 1860 crescit.

685 1898 736 1946 6„

552 2064 592 2111 Ζ
637 2060 750 2108 VM
778 2060 839 2109 ·N

197 2231 450 2297 Legerim:
493 2229 557 2277 N.
598 2228 780 2277 LOLL.
825 2225 880 2276 Z.
921 2226 1041 2274 sorte
1076 2226 1145 2275 Ν.
1170 2228 1336 2275 Lollii.

883 2313 912 2344 t
