1633 2766
341 174 376 223 6

269 279 415 330 porro
451 264 619 312 alteras
667 264 788 311 mihi
839 262 1022 310 defero.
1085 261 1272 309 Tamen
1324 259 1510 308 homini
1537 298 1547 318 ‚

271 359 391 414 puto
417 385 428 405 ‚
468 349 519 394 in
555 348 629 393 his
666 365 768 395 non
802 345 1109 394 mediocriter
1163 347 1374 395 exercito
1408 347 1553 396 fidem

271 435 514 500 aliquam„
552 434 824 482 habendam
857 453 866 491 3
933 432 1066 498 quod.
1121 451 1221 480 non
1257 433 1505 481 iactantiae
1534 468 1547 491 .,

271 519 356 567 sed
393 520 650 585 patientiae
686 529 1019 585 argumentum
1055 517 1143 565 tibi
1166 537 1264 566 esse
1289 519 1422 567 volo.
1443 516 1550 565 Mo-

271 606 492 654 numenti
523 642 533 661 ‚
576 605 626 651 in
662 621 760 669 quo
781 605 984 654 versaris
1009 642 1018 661 ,
1042 604 1422 653 circumstantias
1444 620 1549 651 om—

267 709 394 747 nes,
436 693 535 740 sive
571 691 670 738 loci
699 725 711 747 .,
763 692 864 739 sive
902 693 1169 757 temporis,
1228 692 1328 739 sive
1368 689 1551 755 generis

264 776 455 823 alterius
483 777 809 840 cuiuscunque
834 814 844 832 ,
884 776 1213 842 praeceperim
1248 775 1335 823 tibi
1361 785 1406 821 et
1431 792 1546 839 ope-

263 877 371 908 rose
408 862 652 924 inquirere
680 896 691 917 ,
731 871 778 906 et
812 860 899 908 diu
926 896 940 920 ,
981 879 1036 908 ac
1091 861 1213 908 serio
1274 872 1435 908 tecum
1472 878 1547 907 re-

262 960 447 1014 putare.
487 946 898 1012 Quandoquidem
933 946 1046 993 inde
1083 947 1166 993 lux
1190 946 1431 994 interdum
1468 947 1543 992 in-

261 1047 449 1101 sperato
484 1034 718 1098 affulget,
760 1034 896 1081 cuius
933 1032 1174 1079 beneficio
1201 1070 1214 1092 ‚
1254 1050 1372 1096 quae
1410 1043 1542 1078 erant

260 1123 311 1168 in
348 1120 514 1168 abdito
546 1154 558 1177 q
620 1130 747 1167 recte
802 1119 1079 1183 pervideas,
1129 1119 1225 1167 Sed
1259 1138 1545 1168 monumen—

260 1206 298 1253 ti
336 1222 479 1269 genus
515 1216 622 1251 ante
659 1205 750 1251 alia
787 1204 879 1249 tibi
916 1214 1135 1250 accurate
1196 1205 1498 1252 statuendum
1527 1242 1542 1266 ,

260 1289 388 1337 unde
422 1289 529 1335 finis
554 1289 711 1337 eidem
745 1288 1049 1354 praestitutus
1084 1287 1224 1335 facile
1253 1289 1536 1345 innotescat;

261 1375 393 1440 quod
416 1410 428 1433 .‚
468 1387 520 1423 ut
558 1376 851 1442 experiendo
888 1375 1040 1424 didici
1069 1411 1082 1433 7
1139 1376 1338 1424 obvium
1374 1395 1421 1423 se
1459 1377 1540 1423 dat

257 1463 544 1526 plerumque
583 1480 644 1510 ex
700 1481 797 1511 uno
834 1463 1072 1512 vocabulo
1102 1498 1115 1520 e>
1151 1465 1363 1513 alterove
1398 1502 1406 1521 ‚
1457 1465 1537 1512 vel

257 1549 462 1596 formula
498 1550 656 1614 aliqua
691 1562 832 1598 notae
867 1551 1132 1617 potestatis.
1191 1552 1312 1600 Sunt
1358 1553 1537 1599 etenim

259 1653 368 1684 suae
408 1637 583 1701 cuique
638 1638 799 1702 generi
835 1649 939 1685 tum
973 1655 1118 1686 voces
1151 1675 1161 1693 ‚
1211 1648 1313 1684 tum
1348 1636 1532 1685 formu-

265 1722 338 1767 ]ae
369 1759 378 1778 ,
436 1734 539 1769 tum
576 1723 786 1770 incessus
823 1723 1027 1787 denique
1081 1721 1279 1786 quidam
1316 1724 1378 1770 ita
1413 1741 1527 1787 pro—

258 1807 394 1873 prius
432 1827 457 1855 a
495 1809 733 1857 veteribus
754 1810 1029 1874 praefinitus
1054 1847 1063 1865 ,
1105 1819 1524 1873 consecratusque,

258 1893 348 1940 cui
384 1892 423 1938 si
458 1893 663 1942 fideliter
695 1894 902 1953 insistas,
931 1895 982 1941 in
1014 1905 1337 1942 transversum
1372 1906 1418 1941 te
1454 1895 1532 1958 agi

254 1976 340 2026 Vix
376 1977 574 2042 quidem
611 1980 891 2043 contingere
920 1980 1087 2045 possit.
1129 1979 1314 2026 Verum
1338 1980 1455 2026 haec
1481 1989 1533 2025 ut

258 2064 556 2128 assequaris,
599 2080 698 2113 non
734 2065 1077 2129 perfunctoria,
1102 2063 1183 2110 sed
1221 2064 1372 2110 solida
1416 2062 1531 2108 titu-

257 2150 416 2198 lorum
453 2169 597 2216 genus
624 2169 765 2199 omne
801 2152 972 2198 notitia
996 2162 1042 2198 te
1078 2150 1316 2196 imbutum
1350 2159 1484 2195 antea
1510 2182 1522 2204 .,

258 2247 468 2300 oportet.
511 2237 631 2282 Rem
676 2235 920 2283 difficilem
943 2271 955 2293 o
1017 2234 1239 2298 inquies,
1277 2233 1521 2298 postulas:

256 2338 357 2369 non
394 2321 554 2369 abnuo
587 2359 596 2378 7
639 2335 684 2370 et
722 2323 760 2369 si
797 2321 915 2388 quid
949 2321 1070 2369 ultra
1107 2318 1413 2379 addendum,
1444 2319 1527 2367 ad-
