1633 2766
371 132 428 160 12

294 218 387 261 eo,
427 201 558 267 quod
595 204 753 252 latinis
788 205 879 254 fuit
907 205 1151 272 probavit.
1181 205 1261 256 Sic
1301 206 1443 255 hodie
1482 207 1566 254 tri·
1627 209 1630 239 ³

294 297 397 333 tum
432 291 723 338 nostratibus
773 292 832 339 de
887 294 1016 358 vulgi
1055 295 1188 341 faece
1239 301 1464 359 promite
1517 294 1567 339 in

295 371 514 419 eamdem
549 375 936 438 significantiam.
972 376 1044 425 Ut
1079 378 1180 425 iure
1214 378 1412 442 plaudas
1445 377 1571 423 Lan-

296 454 372 501 zio
399 492 410 511 ‚
451 475 475 502 a
511 475 608 521 quo
644 461 905 524 prudenter
954 461 1259 509 observatum
1291 497 1303 519 a
1342 463 1567 509 exculca—

294 550 364 587 tas
421 554 637 591 veterum
697 546 924 594 Italorum
971 547 1202 597 dialectos
1260 549 1459 613 propius
1512 547 1572 594 ad

292 623 578 675 latinitatem
612 631 839 679 accedere
864 669 873 687 ‚
903 650 1023 697 quae
1057 633 1110 679 in
1145 633 1329 680 senium
1353 668 1365 689 .,
1404 632 1576 679 barba-

296 714 513 778 riemque
553 717 721 781 vergit.
770 718 908 767 Adeo
968 720 1088 767 caeli
1136 720 1421 784 temperies,
1461 718 1575 765 soli—

296 813 391 861 que
429 798 502 845 vis
536 799 756 867 loquelae
794 802 983 866 organis
1019 803 1257 869 imperant
1285 840 1293 858 ‚
1321 814 1374 849 ut
1393 803 1432 849 si
1456 803 1573 849 haec

298 883 389 931 sibi
424 885 687 949 paullisper
725 888 1096 950 permittantur,
1137 901 1302 936 natura
1341 900 1540 953 cogente
1562 924 1576 946 ‚

296 970 572 1019 relabantur
608 990 664 1020 co
695 1007 707 1029 7
747 973 875 1020 unde
914 974 999 1022 vix
1037 975 1154 1022 olim
1172 978 1428 1023 emersere!
1471 976 1571 1031 Sic,
1628 988 1633 1032 s*

295 1073 358 1104 ne
394 1056 578 1120 singula
633 1075 932 1122 persequar,
995 1059 1172 1124 passim
1229 1061 1356 1124 apud
1408 1061 1579 1123 vulgus
1629 1044 1632 1099 ἶ

295 1143 427 1191 idem
463 1146 584 1200 nai,
627 1145 709 1191 ιὶιιί
743 1162 831 1208 pro
868 1147 951 1191 noi
978 1178 990 1200 .‚
1030 1162 1055 1190 e
1091 1148 1200 1201 voi,
1232 1158 1412 1193 veteres
1432 1147 1480 1192 in
1504 1147 1580 1191 his
1631 1134 1633 1184 l

298 1247 440 1279 oscos
475 1241 692 1278 secutum
724 1268 732 1286 ‚
773 1231 855 1294 qui
898 1229 1031 1276 litera
1068 1231 1108 1276 O
1147 1232 1373 1278 carebant
1411 1250 1501 1278 una
1528 1231 1572 1277 V

299 1311 654 1362 contenti-Iam
690 1315 833 1378 igitur
868 1334 927 1363 ex
961 1334 1053 1363 una
1081 1316 1162 1361 illa
1199 1317 1449 1362 marmoris
1489 1332 1577 1363 νο-

300 1403 405 1451 cula
436 1400 744 1468 pruplzalted
776 1402 925 1466 probe
959 1402 1177 1465 agnoscis
1203 1439 1212 1455 ,
1255 1419 1355 1447 rem
1390 1401 1469 1447 hic
1506 1419 1577 1447 es-

302 1505 352 1535 se
387 1488 447 1534 de
485 1505 628 1553 opere
663 1486 891 1554 publicoq
932 1485 1063 1551 quod
1098 1485 1293 1549 publica
1350 1486 1465 1530 item
1499 1502 1582 1530 au—

300 1575 518 1622 ctoritate
537 1573 677 1636 scere}
693 1572 988 1640 probarique
1025 1572 1294 1619 consuevit.
1323 1571 1459 1616 Patet
1482 1572 1575 1618 hoc

302 1662 474 1707 iterum
513 1660 866 1708 evidentissime
902 1677 959 1704 ex
1011 1674 1134 1705 voce
1189 1655 1353 1703 dederi
1381 1691 1393 1711 .,
1435 1674 1579 1720 quam

305 1746 468 1809 ecquis
503 1763 600 1794 non
637 1746 797 1794 videat
846 1763 943 1791 esse
978 1743 1269 1809 ipsissimum
1318 1743 1579 1791 latinorum

299 1830 519 1894 α’ρκοιικον
556 1830 732 1888 dedet,
774 1830 899 1879 unde
951 1839 1109 1893 postea
1145 1826 1279 1876 dedic
1302 1828 1320 1874 Ρ
1343 1827 1486 1883 Nam,
1528 1839 1582 1873 ut

302 1914 488 1964 Gellius
524 1930 708 1977 monet,
738 1917 1114 1982 frequentissima
1141 1917 1265 1980 apud
1302 1929 1483 1963 veteres
1521 1916 1581 1960 li-

303 2015 431 2052 terae
469 2006 716 2069 utriusque
752 2006 875 2051 inter
910 2021 1006 2050 sese
1043 2002 1432 2049 alt‹;ernatio:11ec
1469 2018 1582 2065 pro—

302 2088 420 2152 digii
457 2108 601 2155 porro
636 2091 745 2138 loco
783 2091 871 2138 tibi
910 2090 958 2136 in
994 2099 1235 2152 posterum
1271 2089 1360 2133 erit
1388 2124 1398 2141 ⁷
1453 2087 1583 2150 quod

304 2176 443 2223 initio
483 2178 649 2241 tetigi,
689 2195 851 2225 oscum
889 2191 1057 2239 nempe
1107 2189 1376 2219 sermonem
1416 2190 1439 2217 a
1504 2189 1577 2217 ro-

304 2279 447 2311 mano
486 2265 581 2311 sola
621 2264 823 2311 dialecto
858 2261 1080 2316 differre,
1138 2258 1269 2324 quod
1306 2256 1579 2304 ulteriorem
