1633 2766
307 210 1144 289 PRAELOQVIVM

95 656 288 776 Osci
326 725 454 773 tituli
475 726 678 790 quidam
713 725 774 772 ad
809 742 897 773 nos
932 725 1110 785 delati,
1135 743 1196 773 ne
1230 727 1365 775 inau-

82 813 171 860 diti
205 813 308 860 sine
342 812 442 860 ullo
463 813 788 878 responsionis
808 828 1003 859 munere
1028 811 1354 870 dimittantur,

86 899 252 965 paullo
290 900 616 965 importunius
642 936 653 954 ,
680 897 764 945 sed
786 910 944 945 tamen
964 899 1084 946 citra
1118 898 1363 956 iniuriam,

83 986 324 1050 postulare
360 985 603 1032 videntur.
643 985 752 1043 Quo
799 985 850 1031 in
889 986 1180 1050 capessendo
1217 1005 1365 1052 nego-

84 1072 153 1120 tio
190 1071 319 1118 haud
339 1089 448 1118 sane
475 1070 824 1118 iucundissimo
846 1073 964 1119 haec
985 1075 1194 1120 'tironem
1229 1092 1365 1138 prae—

83 1157 326 1205 monitum
362 1157 585 1204 volumus
616 1193 625 1212 ,
655 1174 680 1202 a
718 1175 815 1220 quo
840 1159 982 1206 unice
1019 1159 1222 1207 inituros
1261 1178 1364 1224 gra-

82 1242 198 1289 tiam
234 1252 281 1288 et
317 1241 539 1306 cupimus
562 1277 573 1298 ,
615 1252 666 1288 et
702 1259 962 1305 speramus.

217 1326 342 1373 Cum
401 1337 618 1374 veterum
667 1339 976 1374 monumenta
1039 1328 1361 1392 praeiudicata

86 1415 180 1460 iam
216 1412 473 1459 maiestatis
499 1429 608 1459 suae
628 1412 856 1477 opinione
883 1414 1144 1476 percellere
1180 1416 1363 1462 animos

85 1498 270 1545 soleant
296 1534 310 1558 ‚
351 1499 496 1561 inque
533 1500 607 1545 sui
643 1498 1007 1546 admirationem
1033 1518 1215 1563 rapere;
1257 1511 1361 1549 tum

82 1600 195 1632 vero
220 1584 269 1632 id
286 1586 538 1632 usuvenire
559 1602 672 1632 cum
696 1585 864 1649 primis
902 1585 1021 1631 solet
1045 1586 1095 1631 in
1115 1587 1171 1632 iis
1195 1622 1209 1645 ,
1237 1605 1357 1651 quae

79 1671 267 1718 latentis
303 1671 486 1735 aliquid
503 1666 794 1736 praeferunt,
824 1673 1081 1735 arcanique
1117 1688 1251 1737 spem
1286 1674 1356 1719 fa—

77 1758 210 1803 ciunt
243 1757 428 1804 lectori.
468 1757 587 1804 Inde
612 1757 740 1803 enim
783 1756 1061 1803 inveniendi
1087 1756 1264 1822 cupido
1302 1757 1358 1803 fit

79 1843 138 1890 de
174 1856 363 1908 repente
388 1844 613 1892 novitatis
638 1842 964 1899 simulacrunn
987 1842 1354 1907 expectatioque

77 1929 263 1993 ingens,
291 1949 412 1994 quae
447 1929 733 1995 prudentem
771 1930 934 1988 ctiam,
962 1929 1168 1990 collyrio
1207 1929 1353 1984 illito„

74 2013 124 2060 in
160 2032 372 2063 errorem
408 2016 672 2071 inducant„
714 2014 868 2078 deque
897 2014 970 2061 via
1008 2014 1252 2062 abducant
1288 2016 1352 2062 si-

72 2115 130 2144 ne
166 2100 323 2147 exitus
371 2118 453 2165 spe
505 2102 621 2148 ulla.
688 2098 835 2146 Cuius
872 2099 940 2145 rei
976 2117 1095 2146 unae
1132 2099 1347 2147 Tabulae

76 2184 304 2248 Iguvinae
340 2188 545 2236 incautis
571 2187 795 2252 exemplo
833 2204 931 2233 esse
953 2196 1146 2250 queant,
1171 2185 1349 2250 quibus

78 2268 129 2313 in
162 2273 453 2339 exponendis
487 2272 803 2337 Bourguetius
833 2310 842 2330 ‚
901 2272 1073 2320 Gorius
1104 2310 1114 2330 ,
1153 2271 1350 2320 Bardet-

1066 2360 1086 2376 x
