1633 2766
1208 140 1259 171 ιι

58 205 393 274 Spanhemius.
432 207 590 254 Litera
627 205 648 251 I
683 207 850 254 usitata
889 205 1042 254 Oscis.
1107 208 1204 255 Cur
1241 211 1332 273 igi-

0 300 1 304 ’
58 306 134 343 tur
170 294 326 342 eidem
363 293 668 341 dextrorsum
705 305 940 358 punctum
977 295 1244 360 adpingunt
1278 315 1330 342 a—

10 432 13 433 ?
61 378 333 444 liquando?
356 379 449 425 nisi
486 390 665 425 temere
703 380 883 426 factum
909 380 1030 428 velis
1052 419 1064 439 ·›
1091 380 1214 427 habe
1242 398 1330 445 pro

57 459 240 527 duplici
278 461 336 515 I,
376 461 454 509 vel
491 478 579 525 pro
615 461 711 517 EI,
751 473 830 509 aut
865 480 955 527 pro
1008 463 1030 508 I
1067 462 1324 527 adspirata.

54 547 254 595 Caetera
293 548 384 594 tibi
421 559 533 595 nota
572 548 763 595 aliunde
801 566 991 596 censeo.

190 632 382 680 Titulus
417 651 441 679 a
478 645 610 698 parte
645 633 905 680 dexteriori
957 632 1018 679 ad
1069 633 1330 681 sinisterio-

52 733 156 764 rem
193 717 441 781 procedit,
483 716 802 764 Orientalium
840 717 897 764 de
935 732 1086 763 more.
1126 715 1222 765 Sed
1248 735 1327 764 ca-

55 819 142 858 ve,
199 820 260 849 ne
297 804 389 851 hoe
426 822 576 851 unum
626 803 862 850 indicium
920 814 1104 849 eertum
1160 802 1325 850 aetatis

48 901 346 953 pervetustae
388 906 659 953 praesumas
682 909 693 936 ε
716 900 874 935 nostra
912 889 1091 951 quippe
1129 904 1324 934 romana

49 983 264 1038 tempora
299 976 499 1021 minime
537 973 948 1039 praetergreditur.
1000 973 1320 1020 Commutatis

47 1076 183 1106 nunc
221 1061 345 1107 oseis
384 1078 494 1106 cum
532 1060 886 1107 characteribus
929 1059 1267 1106 communibus
1307 1094 1321 1116 .‚

53 1147 348 1211 inversisque
382 1147 520 1192 lineis
549 1182 562 1204 ,
603 1145 661 1191 de
700 1146 834 1193 laeva
886 1144 948 1191 ad
983 1144 1203 1191 dextram
1253 1145 1323 1192 sic

49 1231 192 1295 legito
217 1250 227 1277 z

100 1400 149 1445 U
173 1419 184 1429 ·
225 1398 550 1447 AADIRANZ
575 1417 584 1427 ·
614 1398 661 1444 U
687 1415 696 1425 ·
720 1398 1047 1446 EITlVUAM
1076 1419 1087 1430 ·
1107 1398 1288 1447 PAAM

133 1482 424 1530 UEREEAI
445 1503 454 1513 ·
475 1483 853 1530 PVMPAEAAI
878 1501 888 1512 ·
915 1483 1242 1532 TREIZTAA

47 1568 323 1616 MENTVD
355 1571 607 1616 ·DEDED
634 1589 643 1599 ·
670 1569 922 1616 EEIZAK·
943 1569 1315 1618 EEITIVUAD

46 1653 477 1701 U·'U1E1MKIEZ
501 1675 511 1685 ·
543 1655 632 1701 MR
657 1675 667 1685 ·
691 1654 1075 1704 KUAIZZTVR
1099 1676 1110 1686 ·
1140 1657 1320 1711 PVMP

116 1742 333 1788 AIIANZ
356 1761 365 1770 ·
390 1742 663 1789 Tffllffi‘M
693 1763 702 1772 ·
727 1744 907 1791 EKAK
934 1764 944 1774 ·
973 1744 1251 1793 KVMBEN

178 1828 350 1874 NIEIZ
381 1828 756 1876 ·TAM<mVD
787 1847 796 1857 ·
827 1829 1179 1878 VPZANNAM

184 1915 407 1963 DEDED
433 1934 444 1945 ·
470 1915 698 1962 IZJDVM
721 1932 731 1943 ·
757 1915 1199 1964 PRVPHATTED

173 2088 498 2152 Labyrinthus
536 2089 627 2135 tibi
664 2090 713 2135 in
739 2100 1000 2153 prospectu
1023 2100 1108 2137 est.
1132 2089 1316 2138 Teneo.

44 2170 119 2217 Ne
175 2175 394 2223 turberis.
457 2177 616 2223 Fixum
670 2178 873 2241 porrigit
933 2194 1031 2225 vox
1080 2190 1320 2243 postrema

39 2256 363 2323 prltplzatted,
401 2279 546 2326 quam
584 2262 684 2308 sine
722 2261 1033 2311 haesitatione
1068 2263 1190 2310 habe
1228 2279 1317 2329 pro
