1633 2766
1231 138 1291 168 2⁴0

68 199 224 263 deque
273 200 321 246 Τ
322 188 503 245 abemus
529 238 538 255 ‚
578 201 637 248 ad
673 220 816 266 quam
853 204 1081 251 reiecerat
1130 204 1203 252 vir
1257 206 1344 253 do-

70 297 206 337 ctus,
248 284 626 331 transfercmlum
693 286 740 331 in
779 288 959 334 locum.
994 289 1337 336 honestiorem.

69 368 278 417 Bleddc'x
313 372 401 417 iste
438 372 664 418 salutatur
703 372 1012 420 AAKIRIIZ.
1066 374 1261 422 Voealis
1297 380 1341 422 A

70 458 302 521 geminata
341 458 482 505 initio
521 459 656 506 vocis
682 493 693 514 .,
731 459 899 506 hiandi
936 476 1071 506 more
1123 459 1349 507 sollemni

69 545 309 594 Oscorum
333 583 342 602 ‚
369 564 570 611 quarum
597 547 745 594 altera
783 546 936 593 deleta
963 585 973 603 ,
1014 547 1066 594 fit
1089 546 1355 607 AKIRHZ‚

61 635 299 682 Acerram
333 634 549 700 intellige
574 672 584 692 ,
627 634 711 682 sed
763 634 1060 701 Campanam
1095 670 1109 694 o
1164 636 1224 683 de
1262 656 1355 701 qua

63 720 308 787 Vergilius
347 718 450 786 (1).

209 803 262 855 V
258 809 396 854 acuis
441 804 646 854 Clanius
682 823 778 853 non
815 823 1004 873 aequus
1041 811 1278 856 Acerris:

62 903 156 939 tres
192 893 323 940 enim
359 894 558 940 extitere
594 893 812 940 Acerrae
841 894 1174 958 cognomines,
1212 896 1350 954 Quae

61 995 176 1026 vero
212 979 291 1026 hic
330 979 561 1025 Acwciriiz
583 1016 593 1033 ‚
636 979 686 1024 in
722 997 871 1026 numo
899 1014 912 1036 v
951 997 1097 1044 quc-m
1133 982 1352 1028 referunt

58 1066 339 1125 Mazoehius
365 1066 480 1130 (2),
521 1079 567 1113 et
604 1064 832 1113 Eckelius
852 1064 928 1131 (3)
953 1104 966 1125 ‚
1008 1080 1078 1113 est
1096 1067 1341 1126 AKERV,
1385 1076 1389 1079 ’

58 1152 190 1217 quod
226 1151 466 1199 Acerram
502 1153 855 1216 interpretatur.
910 1151 1005 1199 Sed
1041 1152 1345 1216 probabilius

56 1240 278 1285 Aaxiric'z
315 1250 385 1285 est
421 1240 701 1286 Acerranus
724 1273 737 1296 .,
794 1239 1065 1287 derivatum
1111 1241 1343 1290 videlicet

54 1328 113 1375 ab
151 1327 360 1375 Acerro.
401 1325 592 1374 Vocem
628 1327 752 1375 hane
791 1330 937 1374 Auet.
977 1328 1075 1375 CL.
1116 1327 1341 1376 Dissert.

59 1413 190 1477 Isag.
233 1414 348 1477 legit
384 1411 698 1468 AARIREZ‚
738 1430 860 1476 quae
898 1412 990 1477 ipsi
1028 1410 1207 1462 adires.
1248 1414 1349 1461 Sed

60 1502 213 1549 forma
236 1506 273 1558 >3
299 1499 525 1564 quadrata
550 1537 559 1556 ,
600 1500 756 1564 qualis
794 1499 935 1546 etiam
972 1501 1142 1548 visitur
1177 1501 1229 1546 in
1256 1518 1347 1547 nu-

60 1606 140 1635 mo
175 1588 419 1636 Acerrano
456 1603 600 1653 supra
636 1586 822 1643 relato,
863 1585 1053 1634 videtur
1091 1603 1192 1633 esse
1251 1585 1285 1633 >l
1339 1622 1348 1641 ,

58 1675 218 1722 nonR
252 1674 511 1721 latinorum
546 1673 806 1730 inversam,
838 1673 1058 1739 lineaque
1095 1686 1339 1722 transver-

58 1781 106 1810 sa
144 1779 345 1828 superne
383 1781 408 1809 e
444 1778 580 1811 mero
617 1762 867 1828 scalptoris
903 1761 1102 1810 arbitrio
1141 1774 1226 1816 est,
1253 1780 1338 1810 cu-

57 1851 130 1897 ius
167 1850 235 1897 rei
271 1850 488 1915 exempla
524 1866 621 1897 non
658 1865 809 1914 pauca
847 1848 898 1895 in
934 1849 1069 1897 hisce
1106 1848 1335 1899 obviant.

54 1935 335 1984 Desinentia
369 1944 609 2003 praeterea
646 1937 698 1982 in
736 1935 819 1982 IIZ
855 1953 1026 1983 nomen
1085 1937 1183 1985 olet
1237 1955 1338 1984 ma-

57 2022 125 2086 gis
155 2060 165 2079 ,
222 2034 303 2070 aut
354 2025 510 2072 simile
569 2023 823 2089 quidpiam
851 2057 866 2081 ,
920 2041 1065 2088 quam
1117 2023 1333 2071 verbum.

57 2109 308 2158 Caeterum
342 2113 402 2158 sit
438 2111 779 2177 quodcumque
802 2147 816 2171 ,
854 2129 878 2158 e
915 2127 1036 2159 voce
1072 2109 1235 2159 adires
1262 2112 1338 2157 ni—

57 2194 126 2241 hil
161 2199 419 2245 sententiae
458 2209 837 2246 consentaneum
871 2200 1131 2265 exprimes.
1168 2200 1334 2246 Initia—

110 2330 174 2384 (1)
210 2332 362 2383 Georg.
380 2332 440 2372 II.
463 2333 526 2388 (ι)
545 2334 677 2375 Diacr.
704 2334 759 2374 V.
783 2334 846 2389 (3)
868 2335 986 2377 Num.
1005 2332 1154 2377 anekcl.
1178 2352 1219 2389 p.
1247 2349 1310 2375 κο.
