1633 2766
307 175 372 239 34

233 281 292 310 ex
330 263 588 309 adversum
626 263 778 310 suerat
831 265 1132 329 insculptum
1175 283 1197 311 a
1236 266 1402 314 dextra
1461 266 1524 315 ad

237 351 445 396 laevam.
490 349 836 397 characterum
873 352 1027 398 forma
1059 351 1118 397 ab
1145 353 1377 402 hetruscis
1414 371 1525 419 pro·-

241 435 348 499 pius
386 432 516 478 abjt:
559 449 710 479 nexus
748 435 858 480 satis
901 435 1162 483 ccrehrosi.
1203 436 1361 484 Litera
1385 439 1430 484 A
1454 440 1520 484 la-

242 520 456 565 tinorum
494 517 702 565 formam
737 520 972 584 sequitur.
1012 522 1238 586 Legerim
1277 522 1380 570 sic:

234 686 520 736 VILAEIZ.
560 689 883 741 VENVLEZ.
926 693 1172 741 EKVLK.
1218 694 1514 745 THNAZIM

368 860 439 904 De
477 860 614 907 lance
650 862 731 909 hic
767 865 920 927 agitur
950 901 960 921 ‚
999 883 1145 929 quam
1195 878 1310 930 puto
1369 867 1514 915 alicui

228 948 354 1003 Deo„
394 947 582 995 Dcaeve
621 957 965 999 consecratam.
1007 951 1215 999 Reddo:

234 1117 476 1168 VILIAE.
505 1120 765 1167 VENERI.
789 1121 935 1169 EGO.
955 1120 1109 1172 HVC.
1139 1120 1366 1170 SACRA.
1397 1122 1517 1172 SIM

379 1285 561 1337 Villam
599 1298 790 1350 gentem
824 1298 943 1352 puto
965 1323 978 1344 ‚
1027 1302 1148 1350 quae
1183 1286 1411 1334 Romanis
1447 1287 1519 1334 di-

239 1385 315 1423 cta
362 1371 626 1429 Vellczeia‚
685 1372 769 1418 sed
827 1370 955 1436 apud
987 1371 1075 1418 hos
1114 1370 1277 1419 videas
1329 1387 1523 1436 quoque

239 1474 285 1509 ct
350 1457 536 1508 Viliam
575 1470 623 1505 et
689 1455 906 1507 Villc'am.
976 1454 1218 1507 Venerem
1271 1457 1331 1504 ab
1385 1457 1523 1506 Oscis

248 1544 303 1594 V
301 1546 492 1595 enulem
527 1559 885 1610 nuncupatam,
925 1563 987 1592 ne
1022 1546 1233 1593 mireris.
1270 1544 1395 1593 Nota
1432 1544 1524 1593 tibi

236 1633 459 1681 adfinitas
498 1635 604 1680 soni
641 1633 767 1679 inter
802 1631 1125 1695 liquescentes
1160 1630 1218 1687 R,
1243 1644 1289 1678 et
1324 1633 1380 1679 L.
1402 1632 1522 1681 Pro-

249 1736 431 1765 nomen
469 1736 557 1782 ego
578 1735 835 1766 commune
874 1717 1053 1782 graecis
1090 1736 1202 1766 cum
1218 1719 1397 1768 latinis.
1427 1718 1525 1766 Cur

239 1820 342 1850 non
380 1815 427 1851 et
466 1821 578 1851 cum
616 1805 815 1851 caeteris
877 1802 1101 1850 omnibus
1137 1815 1358 1852 veterum
1391 1803 1522 1850 Itali-

240 1908 413 1939 corum
473 1890 733 1939 dialectis?
787 1890 916 1955 Aqui
953 1889 1067 1937 Osci
1115 1889 1342 1938 carebant
1386 1890 1522 1937 litera

237 1976 277 2021 O
310 2014 318 2033 ,
359 1994 450 2040 pro
490 1995 582 2040 qua
622 1976 913 2042 usurpabant
964 1975 1033 2021 V.
1089 1974 1377 2022 Latinorum
1411 1990 1523 2039 ergo

244 2079 333 2126 ego
369 2063 447 2109 his
484 2063 574 2109 fuit
594 2063 689 2109 elsa
719 2099 728 2119 ‚
769 2080 852 2110 seu
888 2078 984 2126 ega
1010 2096 1023 2119 .,
1059 2071 1113 2108 ut
1137 2060 1402 2107 hodiedum
1437 2062 1524 2107 Ca-

241 2150 366 2199 labri
417 2151 634 2198 rudiores
672 2167 783 2199 cum
820 2146 1206 2203 Abellinatibus,
1245 2157 1386 2211 atque
1421 2146 1520 2196 Lu-

242 2236 507 2302 piensibus.
548 2237 594 2284 K
647 2248 803 2283 autem
857 2236 1071 2284 additum
1126 2234 1177 2280 in
1229 2232 1322 2281 fine
1376 2233 1517 2283 vocis

233 2322 561 2390 compositam*
588 2323 831 2372 insinuant
854 2338 914 2376 ex
951 2336 1069 2384 eg0‚
1109 2330 1155 2367 et
1173 2315 1288 2367 huc.
1341 2316 1515 2367 ΤῘιηα-
