1633 2766
1204 214 1262 263 ¹9

46 290 137 333 ’,ταῖς
176 286 373 332 omnino
411 301 497 331 nos
534 286 826 350 processisse
859 302 870 342 3
941 302 1033 332 nec
1072 285 1198 331 enim
1237 285 1340 332 ficri

48 372 185 418 aliter
218 383 418 436 poterat.
463 372 591 420 Cave
630 386 791 421 tamen
815 408 827 430 n
895 384 948 419 ut
987 371 1109 418 illud
1163 372 1251 418 tibi
1287 373 1335 419 in

51 457 261 504 animum
301 457 495 506 inducas
520 497 530 514 ,
578 459 794 508 ‹inluso›
831 477 978 506 unam
1016 461 1207 506 ςυνθεςῑς
1247 459 1333 505 (1ιέη

45 543 258 590 stitutam
294 543 531 608 praesidio
569 546 844 610 quidquam
882 547 928 592 in
956 566 1005 593 re
1043 547 1189 592 simili
1214 562 1330 610 pro-

41 629 273 675 futuram.
317 628 406 676 Vel
444 630 572 677 enim
618 648 678 678 ex
715 633 809 679 hoc
845 650 941 678 uno
981 632 1206 695 exemplo
1245 649 1333 678 no*

45 727 143 762 stro
180 715 427 779 pervidere
481 735 623 782 queas
656 756 665 773 ‚
718 730 892 782 quanta
948 720 1140 766 ςυνθεςες
1191 720 1328 781 copia

45 822 166 869 opus
200 805 342 851 fucrit
371 839 386 859 .,
428 817 480 851 ut
519 823 574 852 eo
611 804 946 852 deveniremus
969 841 982 862 ,
1011 822 1106 868 quo
1131 805 1329 850 domum

43 886 325 938 α’νοιλυτικῶς
362 884 623 938 deventum
662 903 749 937 est.
806 890 891 937 Est
930 892 1179 937 enimvero
1218 884 1328 938 οἶνοι-

45 976 168 1025 λυςις
192 1014 203 1034 .‚
240 997 352 1043 prae
388 982 556 1028 ςυνθεςτ
588 1017 598 1033 ‚
642 992 861 1042 tempore
898 978 1024 1041 prior
1053 1016 1063 1035 ‚
1095 998 1206 1026 cum
1243 997 1327 1026 co-

43 1064 280 1128 gnitiones
332 1078 520 1111 nostrae
573 1082 738 1112 omnes
802 1082 825 1110 a
864 1065 1178 1128 singularibus
1216 1084 1327 1129 pro—

40 1148 332 1197 ficiscantur.
370 1149 435 1196 At
454 1150 784 1206 ratiocinatio,
813 1167 934 1214 quae
970 1151 1163 1215 utrique
1189 1168 1324 1199 com—

39 1238 200 1285 munis
238 1250 342 1295 est,
400 1248 619 1283 constare
656 1236 756 1283 sine
794 1239 965 1284 ςυνθεσι
1012 1254 1109 1284 non
1144 1249 1321 1302 potest.

38 1322 110 1370 Ut
134 1325 193 1372 de
219 1323 477 1370 sententiae
498 1341 627 1371 nunc
653 1310 977 1372 concinnitate
998 1326 1180 1381 sileam,
1206 1344 1325 1390 qua-

40 1408 169 1456 drata
200 1445 213 1467 ,
272 1410 458 1473 sibique
516 1422 747 1474 perpetuo
804 1422 1024 1457 constans
1080 1413 1322 1460 characte-

50 1513 159 1544 rum
194 1497 345 1544 forma
384 1497 512 1544 tituli
547 1498 687 1544 huius
725 1514 841 1544 cum
886 1497 1121 1544 linearum
1184 1517 1328 1547 accu-

57 1597 155 1632 rata
199 1585 514 1649 proportione
569 1585 712 1631 talem
770 1602 818 1630 se
878 1584 1074 1647 praebet
1100 1622 1109 1640 ,
1151 1597 1202 1631 ut
1237 1586 1351 1634 vel.

43 1686 141 1716 uno
179 1670 270 1717 hoc
310 1670 532 1734 exemplo
593 1688 644 1717 os
690 1671 745 1716 iis
808 1669 1062 1716 occludere
1120 1688 1266 1733 queas
1305 1710 1318 1729 ,

43 1759 128 1822 qui
164 1757 419 1804 ruditatem
440 1758 575 1805 Oscis
614 1770 860 1821 tantopere
897 1756 1157 1813 obiectant7
1187 1756 1318 1815 Quae

38 1847 201 1894 onmia
240 1845 535 1911 splendidius
572 1846 794 1910 profecto
857 1844 905 1889 in
943 1844 1112 1891 oculos
1154 1845 1317 1891 incur-

35 1945 196 1980 rerent
225 1970 235 1987 ,
276 1934 316 1979 si
358 1932 413 1980 iis
451 1932 498 1978 in
540 1928 824 1977 exhibendis
861 1928 1099 1992 scalprum
1142 1927 1277 1974 nobis
1303 1966 1312 1983 ‚

36 2036 135 2066 non
173 2019 281 2084 typi
316 2035 460 2083 opera
501 2030 656 2064 essent
681 2051 692 2070 a
733 2014 868 2077 quod
896 2017 1123 2077 temporis
1161 2033 1311 2077 angu-

38 2106 150 2153 stiae
187 2124 288 2153 non
324 2106 587 2170 patiuntur.
631 2103 727 2150 Sed
763 2115 809 2149 et
848 2102 1056 2166 tempori
1104 2120 1309 2167 parere,

44 2192 270 2257 sapientis
307 2204 394 2239 est.

172 2277 299 2327 Haec
336 2297 464 2326 nunc
502 2278 722 2325 universa
782 2274 1124 2323 confirmantur
1182 2292 1314 2338 egre-

40 2366 113 2428 gie
150 2380 208 2408 ex
246 2366 383 2414 titulo
423 2368 516 2414 hoc
553 2367 741 2423 altero,
808 2350 1258 2426 item'Pompeiuno
1300 2392 1316 2418 ff

982 2432 1009 2462 i:
