1633 2766
1278 140 1307 185 5

96 227 286 275 dialecti
314 264 324 282 ,
361 226 487 273 salva
526 223 726 270 sortasse
761 238 835 268 res
869 222 975 270 erit.
1017 221 1119 269 Hoc
1158 223 1284 269 enim
1326 218 1414 271 in*

96 333 206 364 casu
240 312 407 361 licebit
441 331 465 358 a
501 314 627 360 notis
662 312 822 358 lumen
860 309 1064 355 mutuari
1092 345 1101 363 ,
1142 309 1259 355 siin
1285 326 1340 355 eo
1364 344 1375 364 a,

96 400 225 466 quod
262 398 553 454 mutuabere,
581 397 705 444 nihil
743 397 955 444 incurrat
991 397 1252 444 sententiae
1288 415 1371 443 an-

97 499 143 534 te
180 497 309 533 recte
345 485 629 533 constitutae
668 484 820 533 tenori
857 502 1145 549 repugnans.
1188 484 1380 550 Quippe

97 570 148 616 in
184 569 401 617 dialectis
439 569 673 617 adfinibus
699 607 708 626 ‚
734 571 1046 634 cognatisque
1070 603 1082 624 ἦ
1106 569 1269 633 quales
1289 571 1379 616 mi-

102 655 154 700 hi
189 655 320 701 fuere
357 672 545 719 semper
593 666 641 702 et
674 655 928 709 hetrusca,
986 666 1032 701 et
1091 671 1255 718 graeca
1286 689 1298 712 .,
1340 667 1387 702 et

102 756 295 787 romana
325 776 337 796 0
378 754 424 788 et
460 759 567 789 osca
592 776 603 798 n
643 753 689 788 et
725 741 951 788 veliterna
977 776 989 796 2
1027 753 1073 788 et
1110 742 1346 806 eugubina
1371 778 1384 801 ,

104 840 149 875 et
187 829 351 875 lucana
378 866 387 883 ‚
449 845 591 875 voces
628 828 822 875 eaedem
847 866 857 883 ,
921 828 1047 874 nulla
1089 827 1389 879 desinentiae

101 913 260 961 habita
299 914 477 960 ratione
507 951 520 973 ‚
550 914 627 961 vel
665 913 855 959 alterius
892 913 1102 961 cuiusvis
1140 914 1389 965 leviuscu-

106 998 178 1044 lae
213 998 522 1046 diversitatis.
545 1013 665 1060 quae
701 997 897 1061 propria
938 1010 1045 1045 sunt
1071 998 1265 1046 dialecti
1303 1018 1387 1048 cu-

107 1086 292 1149 iusqueq
311 1084 524 1131 eiusdem
543 1084 640 1130 fere
666 1100 763 1130 esse
803 1084 1146 1147 significantiae
1172 1085 1387 1150 plerum-

110 1190 202 1234 que
241 1182 611 1218 consueverunt.
651 1170 768 1228 Quis
804 1169 934 1216 enim
988 1187 1117 1217 nunc
1154 1170 1381 1231 dubitet,

112 1257 230 1321 quin
263 1256 570 1304 Lucanorum
608 1258 903 1304 commononi
939 1255 1067 1304 idem
1104 1257 1270 1314 sit,ac
1311 1275 1392 1305 ro-

122 1359 365 1389 ·uanorum
401 1344 643 1389 communi
662 1377 675 1399 a
703 1343 802 1390 sive
843 1361 1121 1407 graecorum
1149 1361 1343 1418 κοινωνῳ
1369 1348 1394 1394 ⁴?

117 1430 223 1486 Quo
259 1447 356 1476 uno
393 1428 648 1494 exemplo,
687 1427 1007 1478 dialectorum
1041 1430 1165 1478 inter
1201 1449 1248 1477 se
1285 1433 1388 1480 col-

118 1514 292 1559 latione
330 1526 584 1561 contentus
621 1531 708 1578 pro
746 1531 796 1560 re
856 1517 1095 1578 praesenti
1131 1533 1237 1562 sum
1260 1553 1273 1576 ,
1313 1521 1400 1580 qui

123 1615 168 1648 et
204 1602 354 1665 pluria
392 1601 508 1649 alibi
542 1600 689 1657 dedi,
730 1612 778 1648 et
814 1601 1080 1665 compluria
1119 1619 1225 1649 sum
1260 1602 1399 1649 dein-

125 1705 237 1752 ceps
272 1687 483 1734 daturus.
524 1688 706 1735 Verum
762 1703 917 1749 ecquo
979 1698 1023 1732 te
1084 1699 1276 1743 vertaS,
1318 1688 1403 1736 ubi

127 1772 333 1820 inaudita
369 1774 531 1821 audias
569 1772 827 1822 verborum
849 1783 1065 1837 portenta
1090 1810 1103 1833 ,
1132 1775 1266 1840 quod
1303 1793 1404 1823 non

129 1877 233 1906 raro
269 1860 492 1908 accidit?
528 1860 588 1909 ad
635 1862 917 1908 sententiam
940 1897 952 1920 7
993 1863 1199 1926 inquies.
1259 1866 1320 1912 Et
1358 1867 1407 1913 in

129 1945 224 1992 hoc
263 1945 404 1992 laudo
435 1964 444 1991 :
487 1947 749 1994 anchoram
787 1965 993 2011 namque
1030 1959 1179 1996 tenes.
1221 1950 1283 1998 At
1324 1971 1413 2000 un-

131 2032 226 2091 de,
266 2034 402 2081 sodes
432 2071 445 2094 ,
472 2034 532 2081 de
580 2036 809 2081 sententia
846 2035 934 2083 tibi
973 2047 1104 2084 certo
1133 2073 1144 2094 „J
1184 2039 1260 2086 vel
1302 2058 1413 2105 pro-

132 2117 358 2168 babiliter
394 2121 561 2168 saltem
593 2158 602 2178 ,
643 2121 929 2170 constabit?
968 2125 1007 2172 si
1043 2126 1275 2190 ingenuus
1312 2142 1411 2172 esse

136 2205 252 2252 velis
273 2241 285 2262 η
325 2206 435 2255 heic
470 2207 558 2255 tibi
595 2207 786 2254 haerere
820 2225 992 2273 aquam
1021 2248 1029 2267 ‚
1072 2210 1297 2259 fatebere.

273 2292 329 2338 In
363 2292 456 2340 hoc
493 2292 742 2345 divinandi
781 2312 948 2358 genere
975 2313 1064 2344 nec
1090 2298 1268 2364 primas
1299 2316 1418 2357 ,nec
