1633 2766
1203 119 1260 167 13

55 219 248 271 quoquc
274 203 686 253 confirmationem
723 201 830 250 loco
856 218 940 249 suo
980 202 1197 267 recipiet.
1229 205 1322 253 Sed

46 297 186 360 quale
223 307 346 359 opus
404 292 494 338 hoc
544 287 791 355 publicum
817 325 827 345 ‚
884 289 1322 353 percunctaberis?

47 393 299 429 sacrumrze
328 413 336 431 ‚
397 393 456 420 an
488 372 749 440 profimzcm
768 375 792 421 ?
819 374 935 421 Mox
971 374 1208 438 intelliges
1233 412 1244 431 ,
1286 375 1329 422 si

45 467 179 532 prius
215 463 275 510 de
313 472 505 508 auctore
542 461 700 525 operis
734 459 957 507 audieris.
998 460 1069 507 De
1106 460 1211 510 talis
1248 478 1327 508 er-

53 569 112 618 go
149 551 210 597 ad
248 559 407 613 caput.

186 635 251 684 U.
291 631 714 681 AADIRANZU.
769 632 881 680 Vox
939 632 1097 681 media
1143 635 1205 680 sit
1241 634 1332 682 tibi

48 719 374 775 Andiranius,
417 719 554 766 virile
591 718 692 764 sine
727 716 876 763 dubio
938 735 1114 765 nomen
1142 756 1154 775 ,
1193 718 1328 782 quod

47 825 133 871 per
168 805 449 852 metathesin
485 804 670 851 dictum
718 800 1009 849 Arc'danizmz
1060 821 1085 850 e
1122 803 1333 851 Grutero

45 890 200 936 disces
237 906 262 934 a
300 890 500 937 Latinis.
542 889 592 937 A
623 889 926 953 duplicatum
963 889 1206 953 principio
1240 906 1330 937 vo-

52 978 122 1024 cis
157 994 290 1023 more
324 979 548 1025 archaico
597 975 809 1039 syllabae
860 975 1201 1039 producendae
1253 992 1336 1023 ar—

55 1075 336 1129 gumentum
363 1062 618 1109 indubium
648 1099 658 1117 ‚
714 1079 860 1125 quam
906 1061 1204 1125 grammatici
1240 1076 1332 1106 ηα-

52 1157 172 1195 tura
209 1147 404 1211 longam
439 1146 798 1210 appellitavere.
837 1143 1245 1208 Frequentissima
1282 1163 1336 1191 a·

55 1235 155 1300 pud
190 1234 339 1281 Oscos
374 1232 627 1279 nominum
662 1230 927 1279 desinentia
981 1231 1030 1277 in
1069 1247 1132 1278 ηε
1166 1268 1176 1288 ,
1233 1231 1336 1279 sive

55 1336 110 1365 ns
142 1357 152 1374 ,
193 1336 336 1382 quam
373 1318 509 1364 latini
545 1318 642 1364 fere
678 1319 783 1364 unis
818 1317 1085 1382 participiis
1122 1329 1327 1382 potesta-

57 1405 116 1452 tis
156 1405 339 1451 activae
373 1403 618 1450 addixere.
663 1403 799 1450 Latet
835 1402 922 1449 sub
958 1404 1118 1468 priore
1170 1402 1333 1450 solita—

53 1490 122 1535 ria
160 1488 206 1533 U
244 1489 446 1535 alterum
483 1487 713 1536 Adiram'i
747 1505 953 1544 nomen;
1015 1500 1150 1535 erant
1200 1489 1334 1536 enim

57 1577 171 1623 Osci
208 1576 442 1634 binomii,
481 1576 604 1623 haud
642 1576 864 1623 trinomii
896 1612 905 1631 ‚
945 1575 1109 1639 quales
1143 1574 1334 1622 romani

55 1663 370 1709 recentiores.
411 1663 652 1710 Posterior
689 1679 804 1711 vero
835 1665 994 1728 patris
1030 1678 1209 1709 nomen
1243 1661 1328 1709 de—

57 1748 242 1810 signat,
282 1746 414 1811 quod
449 1759 609 1795 utrum
647 1766 735 1813 pro
779 1746 906 1809 Cajo
930 1785 940 1803 ‚
968 1759 1049 1794 aut
1076 1745 1216 1797 Velio
1254 1765 1332 1795 ac=

60 1831 162 1895 cipi
196 1830 395 1888 debeat,
436 1832 647 1880 incertus
683 1833 889 1888 haereo,
929 1831 1084 1880 donec
1122 1833 1335 1881 certiora

56 1915 337 1965 affulserint.
377 1917 506 1967 Filii
542 1930 700 1966 tamen
737 1919 935 1967 tacitum
970 1936 1148 1968 nomen
1170 1957 1185 1981 ‚
1240 1921 1328 1985 qui

55 2014 274 2051 veterum
312 2006 530 2054 omnium
565 2005 824 2062 Italorum,
853 2007 1067 2054 romanis
1092 2008 1329 2073 exceptis,

58 2103 161 2137 mos
197 2092 322 2152 fuit,
362 2109 508 2156 quem
543 2110 632 2141 nos
669 2091 930 2141 hodiedum
984 2111 1096 2143 cum
1131 2093 1327 2142 Graecis

63 2178 192 2239 sequi
248 2195 479 2227 amamus.
538 2180 608 2228 De
656 2178 814 2247 operis
875 2197 1046 2244 genere
1098 2197 1229 2231 nunc
1282 2190 1328 2226 te

63 2258 262 2309 docebit
301 2279 397 2312 vox
